1706 2723
204 746 211 748 ”
292 731 379 792 Uti
410 745 698 804 praecipuum
720 753 802 805 est
831 746 930 788 eius
963 747 1040 803 qui
1072 745 1256 790 naviter
1289 758 1419 791 aecu-

151 824 337 874 rateque
367 833 518 862 rerum
551 825 857 876 perscrutatur
881 817 1101 862 historias
1133 826 1270 876 atque
1321 833 1420 875 gra-

150 892 381 936 tissimum
414 891 635 945 officium,
668 905 761 935 non
792 888 1043 947 indagandi
1067 891 1217 936 solum
1250 899 1297 937 et
1326 891 1423 938 dis·

150 964 353 1020 ponendi
403 968 527 1009 iusto
574 964 737 1008 ordine
779 979 852 1008 res
890 963 1070 1022 publice
1115 965 1420 1024 privatimque

148 1045 326 1092 gestas,
359 1051 515 1082 verum
548 1033 714 1091 etiam,
746 1044 989 1096 postquam
1014 1036 1123 1095 quid
1156 1040 1218 1081 sit
1246 1039 1419 1082 factum

149 1111 348 1165 aperuit,
380 1109 729 1154 demonstrandi
762 1124 853 1168 quo
884 1108 998 1152 illud
1025 1108 1165 1152 modo
1198 1112 1419 1164 evenerit,

147 1196 237 1239 qua
267 1184 469 1237 ratione,
502 1182 667 1241 quibus
700 1183 850 1227 causis
883 1181 1021 1241 idque
1053 1173 1171 1226 clare
1197 1183 1419 1229 dilucide-

146 1269 249 1313 que,
281 1255 405 1299 unde
434 1257 531 1300 vita
571 1255 796 1313 quaedam
846 1270 897 1299 ac
942 1263 1130 1311 vegetus
1177 1257 1304 1301 color
1331 1258 1419 1302 im-

144 1329 368 1385 pertiatur
396 1327 531 1372 nudis
562 1330 656 1372 inis
687 1337 735 1372 et
766 1328 970 1386 abruptis
1010 1329 1328 1384 lineamentis,
1369 1338 1422 1375 ut

144 1402 278 1445 facile
295 1402 487 1471 quisque
507 1403 573 1445 ita
594 1402 902 1446 necessarium
922 1400 1066 1445 fuisse
1096 1416 1182 1447 nee
1209 1404 1417 1460 potuisse

145 1475 279 1518 aiiter
316 1467 416 1518 fieri
458 1484 596 1533 queat
646 1474 989 1531 intellegere*)‚
1050 1476 1117 1519 ita
1159 1476 1418 1521 litterarum

144 1557 325 1606 quoque
359 1562 604 1614 earumque
634 1538 856 1591 historiae
888 1546 1082 1603 diligens
1113 1550 1417 1606 investigator

145 1635 237 1665 non
269 1620 329 1665 ad
372 1636 427 1665 ea
465 1620 607 1665 modo
653 1619 860 1665 advertet
900 1621 1044 1664 animi
1083 1622 1410 1677 intentionem,

142 1707 259 1752 quae
291 1694 424 1739 nobis
457 1694 514 1738 ab
547 1695 735 1752 antiquo
768 1693 920 1751 aliquo
943 1694 1112 1751 populo
1136 1694 1296 1739 relicta
1316 1697 1413 1741 sint

141 1768 316 1837 ingenii
347 1769 606 1828 mentisque
638 1774 963 1818 monumenta,
1025 1766 1108 1810 sed
1143 1766 1193 1810 id
1224 1769 1410 1825 potissi-

139 1854 265 1884 mum
297 1840 497 1899 reperire
528 1836 733 1883 studebit
760 1847 898 1897 atque
927 1839 1172 1894 illustrare,
1204 1839 1326 1884 unde
1346 1844 1410 1886 sit

138 1915 373 1968 effectum,
405 1922 455 1958 ut
484 1912 608 1958 idem
641 1912 834 1972 populus
866 1921 945 1956 aut
974 1914 1023 1956 in
1053 1915 1186 1957 certis
1218 1915 1404 1971 quibus-

139 1987 244 2031 dam
277 1990 442 2031 artium
474 1989 787 2032 littei-aramve
800 1986 1074 2042 generibus
1059 1987 1228 2043 insigni
1259 1987 1404 2032 modo

138 2063 382 2107 eminuerit
412 2068 492 2104 aut
520 2063 659 2105 variis
689 2059 972 2117 temporibus
1003 2060 1178 2103 variam
1209 2074 1320 2119 prae
1349 2075 1402 2106 se

136 2138 256 2180 ferat
283 2144 332 2180 et
343 2128 489 2179 animi
511 2133 715 2177 indolem
746 2139 794 2176 et
824 2145 1013 2191 operum
1036 2131 1399 2193 scriptorumque

137 2217 371 2260 naturam,
419 2222 479 2252 ne
519 2207 710 2252 disiecta
728 2198 731 2201 ’
749 2205 890 2250 modo
932 2219 986 2250 ae
1024 2218 1182 2263 sparsa
1210 2207 1400 2253 lacerati

138 2282 341 2343 eorporis
371 2269 601 2335 membra,
632 2278 716 2325 sed
743 2280 923 2337 integra
951 2279 1166 2324 offeratur
1195 2287 1243 2325 et
1270 2281 1397 2327 vitae

212 2429 248 2475 ·)
269 2427 337 2467 Cf.
363 2425 500 2467 'ravin
515 2424 619 2465 Hine.
647 2422 675 2463 1.
701 2424 736 2463 Ι.-
762 2437 796 2463 c.
821 2429 848 2463 4
873 2424 927 2462 in.

966 2494 990 2532 1
