1706 2723
792 90 848 131 39

179 206 347 250 infesta
375 216 425 247 re
456 204 733 261 propellitur.
796 191 983 248 Interim
1015 202 1137 247 redit
1170 203 1345 258 legatus
1368 204 1443 246 de-

179 280 361 322 missus>
395 275 455 320 ad
501 277 712 321 homines
764 286 810 322 et
861 280 1094 322 renuntiat
1141 275 1442 330 Pisthetaero‚

179 366 311 411 quem
344 352 511 394 mirum
543 352 592 394 in
624 349 810 395 modum
844 352 971 395 effert
1002 366 1041 395 v.
1078 355 1189 396 1271
1224 365 1316 409 sq.:

296 420 334 467 ὦ
365 423 641 485 Πεισθέταιῤ
652 456 663 473 ,
697 420 733 467 ὦ
762 423 972 485 μακάρι’,
1007 422 1041 467 ὦ
1074 426 1322 481 σοφώτατε,

293 493 330 540 ὦ
360 496 629 547 κλει’νοτατ’,
663 494 698 540 ὦ
728 497 958 553 σοφώτατ’
974 529 985 546 ,
1029 495 1064 540 ὦ
1094 498 1440 559 γλαφυρώτατε,

292 568 328 614 ὦ
357 569 667 632 τρισμακάρι’,
699 567 735 614 ὦ
767 568 1084 617 κατεκὲλευσον
1116 594 1170 602 -

175 652 346 706 quanta
372 645 433 688 sit
452 645 574 690 facta
596 642 717 701 apud
736 644 955 688 mortales
976 646 1278 688 commutatio
1300 658 1440 702 quan—

178 727 316 775 toque
348 705 508 761 omues
540 718 729 772 flagrent
755 719 910 761 avium
942 719 1069 779 regni
1100 718 1255 763 studio
1302 726 1439 776 atque

174 804 344 834 amore.
407 789 514 832 Plus
553 787 709 835 decem
740 790 870 832 milia
901 789 1151 834 adventura
1181 792 1438 843 homiuum,

174 866 264 921 quiv
292 863 388 907 alas
430 853 519 905 sibi
564 869 611 906 et
651 875 802 906 mores
833 863 986 906 avium
1018 861 1282 921 deposcant.
1346 864 1435 907 Ex-

175 936 348 993 templo
379 935 529 978 afferri
560 934 688 978 iubet
708 935 1016 980 Pisthetaerus
1050 938 1250 980 canistra
1272 938 1436 994 pennis

174 1010 349 1066 alisque
379 1008 591 1064 impleta,
638 1007 746 1052 dum
787 1010 949 1054 chorus
982 1009 1180 1053 celebrat
1211 1009 1336 1054 urbis
1368 1025 1436 1053 re-

172 1082 316 1125 centis
356 1093 573 1138 prospera
608 1082 889 1125 incrementa
930 1091 977 1125 et
1022 1081 1181 1138 quidni
1221 1082 1287 1125 ibi
1335 1082 1435 1125 feli-

172 1157 284 1198 citer
313 1154 491 1198 habitet
518 1155 657 1198 homo
674 1188 688 1209 ,
721 1155 799 1198 ubi
832 1157 924 1212 (vv.
961 1161 1076 1200 1320
1108 1156 1228 1213 sqq.)

345 1226 491 1283 σοφία
502 1259 525 1277 ,.
543 1226 707 1282 πόθος,
738 1227 997 1289 ἅμβροσιάι
1025 1227 1205 1288 χάριτες

344 1300 397 1341 τό
428 1314 475 1343 τε
502 1300 577 1360 τῆς
606 1301 918 1362 ἀγανόφρονος
947 1302 1145 1362 ἤσυχιάς

343 1371 564 1436 εὐάμερον
592 1372 858 1436 πρόσωπον.

169 1449 306 1490 Hisce
345 1449 628 1504 interpositis
659 1457 879 1505 apparent
919 1449 1165 1506 patricida,
1221 1450 1432 1493 Cinesias

166 1528 302 1577 poeta
318 1519 675 1579 dithyrambieus
692 1527 739 1563 et
751 1521 1073 1579 sycophantes,
1091 1535 1253 1565 omnes
1270 1521 1431 1564 arden-

169 1594 347 1635 tissime
375 1594 562 1649 cupiunt
591 1594 688 1635 fieri
720 1607 850 1646 aves;
897 1593 979 1637 sed
1018 1608 1112 1637 non
1143 1595 1230 1639 alis
1264 1595 1430 1645 solum,

165 1680 321 1710 verum
354 1667 496 1710 etiam
527 1666 670 1724 plagis
708 1666 832 1722 large
863 1667 1014 1711 affecti
1047 1666 1229 1710 avolare
1261 1680 1430 1722 cogun-

163 1749 235 1782 tur
264 1752 306 1781 ν.
343 1743 539 1782 1336-
561 1743 700 1791 1469,
747 1754 863 1796 quae
903 1755 1007 1797 pars
1051 1740 1318 1783 comoediae
1364 1742 1429 1782 uti

162 1812 408 1856 festivitate
449 1813 515 1857 sie
554 1814 885 1857 sententiarum
929 1813 1178 1857 acerbitate
1207 1820 1280 1858 est
1308 1814 1429 1856 inter

163 1886 593 1941 praestantissimas.
657 1887 733 1931 Sic
764 1900 792 1929 a
823 1875 1027 1945 partibus
1059 1888 1297 1929 hominum
1329 1900 1426 1928 mu-

161 1961 309 2005 nitum
351 1967 424 2005 est
459 1960 659 2004 iuvenile
698 1972 912 2016 regnum,
960 1958 1040 2003 sed
1081 1958 1191 2017 quid
1223 1959 1281 2002 de
1312 1958 1429 2002 diis}

159 2046 267 2076 num
312 2032 382 2076 illi
420 2047 564 2090 aeque
609 2046 659 2076 se
702 2033 988 2078 inclinabunt
1019 2032 1077 2074 ad
1107 2033 1194 2076 hoc
1224 2023 1426 2076 volubile

160 2106 431 2162 imperium?
492 2107 588 2150 En!
633 2113 888 2162 opportune
926 2105 1115 2149 advenit
1146 2107 1425 2150 inveteratus

163 2176 357 2221 deorum
384 2179 559 2231 hostis,
598 2178 896 2222 Prometheus
929 2186 1089 2235 atque,
1123 2191 1180 2220 ne
1212 2192 1314 2221 eum
1348 2178 1428 2221 ad-

159 2250 355 2307 spiciant
370 2249 452 2304 dii,
487 2251 687 2296 umbello
716 2251 833 2294 bene
857 2252 1062 2295 obtectus
1085 2253 1233 2309 aperit
1255 2253 1427 2295 Pisthe-

159 2331 286 2369 taero
330 2322 519 2369 deorum
567 2328 746 2370 tristem
781 2314 1090 2374 conditionen'i
1126 2325 1426 2382 mittendique
