1706 2723
872 109 927 149 38

270 223 580 282 propinquant
622 224 655 266 ii
700 222 937 291 hemines,
984 237 1099 282 quos
1148 227 1277 283 ipsos
1328 228 1543 271 evitatur-i

232 284 234 287 ⁸
268 305 401 340 erant
430 310 584 350 senes3
638 303 775 354 poeta
817 296 1180 354 dithyrambicus
1193 329 1208 351 ,
1248 298 1327 356 qui
1355 300 1547 344 tumidis

269 370 422 416 verbis
461 371 644 415 extollit
683 384 853 415 novam
898 372 1059 417 urbem
1100 380 1147 416 et
1192 373 1389 416 amiculo
1419 374 1540 418 tuni-

272 458 413 501 caque
446 443 644 488 donatus
677 445 797 495 abin
843 444 1057 489 fatidicus
1101 444 1286 504 quidam
1318 447 1542 499 insolens,

271 516 434 560 Meton
464 526 727 572 geometra,
758 519 992 575 inspector
1021 518 1362 572 clandestinus,
1392 520 1542 575 legum

269 590 487 647 propola,
525 591 603 648 qui
635 604 797 634 omnes
827 592 950 634 inter
987 604 1217 634 summum
1256 593 1400 636 risum
1442 605 1542 650 spe-

271 664 493 707 ctantium
526 672 574 707 et
604 665 725 707 male
756 664 941 708 mulcati
984 663 1042 707 de
1073 676 1211 707 scena
1242 665 1545 709 exturbantur

272 736 336 792 (v.
370 740 529 780 904-
549 738 701 793 1055).
764 737 945 781 Dehinc
981 739 1159 780 intrant
1196 735 1334 781 aedes
1365 737 1552 780 Pisthe-‘

272 818 427 853 taerus
453 817 500 853 et
523 809 737 853 sacerdos
766 809 825 853 ad
852 823 981 854 sacra
1003 812 1091 853 rite
1108 809 1395 868 perficienda,
1423 811 1546 854 inter

272 897 389 940 quae
419 896 602 946 carmen
632 882 816 927 auditur
846 883 904 926 de
933 885 1031 927 vita
1060 897 1152 941 qua
1176 883 1406 940 gaudeant
1428 897 1539 928 aves

272 957 401 1000 suavi
447 970 499 999 ac
538 956 676 1000 felici.
737 956 1026 1001 Pisthetaero
1072 955 1224 1001 denuo
1262 958 1312 1001 in
1358 969 1542 1006 scenam

272 1042 455 1084 egresso
487 1029 622 1073 adest
651 1032 853 1082 nuntius,
884 1032 960 1086 qui
990 1031 1085 1073 late
1107 1030 1347 1087 lepideque
1368 1029 1538 1072 descri-

272 1100 359 1154 bit,
407 1109 579 1159 quanta
619 1116 719 1146 cum
761 1109 858 1146 arte
897 1111 944 1147 et
984 1115 1119 1161 quam
1165 1104 1283 1146 mira
1313 1102 1543 1146 celeritate

267 1176 541 1231 perfecerint
584 1176 788 1219 aviculae
830 1178 1061 1231 ingentem
1114 1189 1302 1233 operum
1344 1176 1541 1227 molem3

268 1248 369 1305 ipse
414 1247 725 1292 Pisthetaerus
768 1249 972 1292 maxima
1016 1248 1302 1306 perfunditur
1341 1247 1539 1292 admira-

271 1321 397 1362 tione
444 1328 490 1363 et
541 1335 675 1377 aegre
718 1321 776 1364 ad
831 1320 1108 1365 credendum
1154 1329 1309 1378 potest
1349 1320 1537 1374 adduci;

267 1406 310 1437 v.
345 1397 461 1438 1166
494 1408 559 1452 sq.

328 1469 545 1510 ΠΕΙΣΘ.
578 1469 631 1526 vr)
664 1469 764 1520 τούς
791 1469 919 1521 θεοὺς
949 1470 1097 1527 ἔγωγε·
1129 1467 1203 1511 καὶ
1232 1465 1323 1528 γάρ
1354 1468 1501 1520 avim,

583 1538 662 1584 ἴσα
677 1541 768 1599 γάρ
790 1540 977 1599 ἀληθῶς
993 1539 1203 1597 φαίνεταί
1219 1555 1302 1592 μοι
1322 1538 1536 1595 ψεύδεσιν.

266 1613 331 1656 At
350 1612 559 1656 turbatur
576 1614 689 1656 haec
703 1612 971 1656 laetibunda
981 1612 1227 1658 admiratio
1243 1614 1411 1657 infesto
1426 1626 1536 1670 quo-

267 1685 372 1729 dam
401 1700 520 1730 casu.
585 1686 663 1729 Dii
688 1687 905 1729 nimirum
924 1699 1063 1743 quum
1085 1685 1198 1730 urbe
1213 1681 1271 1729 ab
1297 1685 1458 1730 avibus
1485 1687 1533 1728 in

266 1774 372 1803 aere
391 1758 578 1803 condita
604 1761 840 1803 interclusi
860 1766 1017 1802 essent
1035 1773 1062 1802 a
1086 1761 1219 1802 terris
1247 1772 1332 1802 nec
1358 1760 1451 1802 iam
1476 1758 1536 1802 ad

264 1847 346 1876 eos
389 1839 680 1888 assurgerent
716 1833 1005 1876 victimarum
1042 1832 1231 1885 odores,
1287 1832 1536 1876 demittunt

263 1904 419 1958 Irida,
446 1918 562 1962 quae
586 1905 807 1949 mortales
829 1904 1080 1948 admoneat
1095 1903 1227 1948 officii
1245 1918 1351 1960 erga
1376 1918 1533 1963 supre-

266 1991 369 2022 mos
389 1992 559 2036 eosque
580 1978 788 2036 impellat
809 1977 866 2021 ad
884 1992 994 2022 oves
1011 1976 1292 2023 mactandas.
1324 1978 1409 2024 Illa
1422 1992 1534 2023 vero

265 2066 359 2095 non
377 2059 530 2108 potest
545 2053 635 2095 nisi
647 2066 726 2109 per
742 2053 895 2095 avium
913 2065 1062 2095 arcem
1074 2052 1231 2095 volare
1248 2051 1305 2114 ad
1320 2053 1531 2095 homines

264 2125 419 2181 ibique
447 2134 579 2182 capta
601 2124 840 2167 adducitur
865 2124 922 2166 ad
946 2125 1295 2176 Pisthetaerum,
1322 2125 1404 2167 abs
1426 2138 1535 2181 quo,

262 2197 370 2239 licet
401 2199 599 2241 minetur
628 2210 788 2252 graves
822 2195 1010 2240 deorum
1042 2199 1136 2241 iras
1168 2211 1210 2240 ν.
1244 2201 1358 2240 1238
1391 2211 1480 2254 sq.:

443 2268 477 2312 ὦ
508 2269 633 2330 μῶρε
661 2269 788 2331 μῶρε
816 2271 883 2329 μή
916 2269 1032 2312 θεῶν
1063 2277 1169 2313 κινεῖ
1196 2268 1359 2331 φρένας

445 2343 582 2389 (δεινάς
613 2370 666 2377 --
