1706 2723
886 106 949 148 42

280 224 533 279 imagine
565 222 1007 278 Aristophanes
1038 221 1423 266 debilitatem
1457 233 1551 281 pa-

278 296 438 340 riter
467 309 530 338 ac
566 294 880 339 levitatem
927 296 1411 349 Atheniensium,
1442 310 1554 353 qua

224 401 228 404 »
278 371 549 428 potuerit
579 369 847 423 evenire,
885 377 946 413 ut
974 370 1406 429 loquacissimo
1438 371 1555 413 cui-

278 458 383 501 que
427 443 654 487 homini
695 444 984 488 facillime
1024 449 1289 501 gererent
1329 456 1548 488 morem

276 531 381 561 nec
423 516 518 561 diu
549 518 918 562 haesitantes
949 519 1042 562 vel
1074 519 1554 576 perversissimis

277 592 412 635 eius
459 592 776 635 obedirent
821 592 1104 635 consiliis
1147 599 1319 649 atque
1360 594 1550 636 imme—

274 678 468 709 mores
525 667 670 709 iuris
720 665 952 709 humani
995 672 1051 708 et
1091 664 1377 722 antiquae
1416 666 1552 709 reli-

273 739 466 793 gionis
497 740 681 796 ipsum
713 740 878 783 illum
920 746 1344 782 venerarentur
1385 751 1551 794 auge-

259 821 516 870 ·rentque
535 813 722 856 veluti
743 827 929 869 regem
953 827 1016 856 ac
1038 813 1380 869 principem.
1415 810 1543 865 Quae

271 887 502 929 sententia
547 901 685 943 quum
737 888 832 930 fere
873 885 1099 944 quottidie
1138 898 1198 929 ex
1224 886 1323 929 vita
1354 893 1402 928 et
1433 900 1540 930 con-

270 957 511 1002 suetudine
555 960 713 1017 populi
758 959 909 1003 denuo
960 959 1258 1003 suscitaretur
1294 960 1343 1002 in
1388 960 1546 1003 animo

269 1039 436 1089 poetae
467 1039 514 1075 et
543 1035 678 1076 novis
710 1047 891 1090 semper
922 1031 1192 1089 probaretur
1210 1045 1360 1075 rerum
1385 1045 1541 1075 exem-

269 1105 375 1162 plis,
407 1119 501 1149 non
525 1107 675 1163 potuit
690 1119 782 1149 non
800 1114 956 1164 pectus
979 1107 1077 1149 eius
1108 1105 1378 1161 gravissime
1409 1119 1538 1148 com-

267 1191 454 1222 movere
499 1185 636 1236 atque
678 1179 968 1223 instimulare
1004 1191 1200 1230 nervos,
1231 1184 1283 1221 ut
1330 1191 1447 1236 quae
1492 1179 1543 1221 in

267 1258 450 1308 pectore
498 1251 714 1295 volvebat
756 1266 811 1296 ea
855 1254 996 1295 etiam
1036 1252 1085 1294 in
1134 1252 1281 1295 lucem
1315 1252 1540 1308 proferret

266 1331 403 1381 atque
449 1325 561 1368 artis
602 1327 865 1383 ingeniique
914 1338 1001 1382 ope
1053 1325 1344 1382 exprimeret.
1423 1323 1543 1368 Tota

264 1398 418 1452 imago
459 1399 653 1442 includit
691 1398 891 1456 quodam
927 1397 1069 1441 modo
1103 1406 1390 1455 praeceptum
1422 1397 1537 1440 illud

265 1483 498 1525 severum,
531 1470 653 1530 quod
684 1473 731 1515 in
762 1473 1003 1528 magnifica
1043 1471 1272 1515 Ranarum
1320 1470 1532 1528 parabasi

265 1543 394 1587 dedit
437 1554 574 1601 poeta
624 1547 800 1602 patriae
845 1546 1192 1589 amantissimus
1240 1544 1537 1601 popularibus

263 1630 304 1659 v.
339 1621 428 1661 834
459 1631 584 1674 sqq.:

381 1690 514 1735 ἀλλὰ
554 1690 631 1735 καὶ
677 1691 767 1741 νῦν,
815 1688 1034 1750 ὦνόητοι,
1067 1688 1401 1744 μεταβαλόντες
1443 1691 1544 1742 τούς

578 1764 796 1825 τρόπους,

378 1835 567 1898 χρῆσθε
596 1844 684 1891 τοῖς
711 1845 989 1899 χρηστοῖσιν
1020 1834 1159 1892 αὖθις·
1191 1835 1267 1882 καὶ
1294 1835 1536 1898 κατορθώ-

581 1919 689 1954 σασι
719 1913 810 1972 γὰρ

378 1983 583 2043 εὔλογον·
615 1984 702 2028 κᾶν
731 1999 774 2028 τι
805 1982 1023 2045 σφαλῆτ’,
1055 1982 1105 2030 ἐξ
1135 1981 1270 2028 α’ἔίου
1303 1981 1415 2043 γοῦν
1455 1986 1540 2026 τοῦ

577 2057 740 2107 emmo,

377 2129 436 2189 ἤν
465 2143 508 2171 τι
537 2127 613 2171 καὶ
655 2128 873 2188 πάσχητε
911 2128 1112 2185 πάσχειν
1150 2135 1239 2182 τοῖς
1269 2133 1427 2184 σοφοῖς
1456 2124 1533 2171 ὁο-

577 2201 745 2264 κη’σετε.

258 2275 322 2319 At
353 2288 489 2332 quum
521 2276 601 2319 illo
635 2284 844 2335 tempore
874 2289 969 2319 non
1000 2276 1158 2319 liceret
1201 2276 1242 2318 ei
1285 2276 1352 2319 uti
1382 2273 1530 2317 libera

256 2351 516 2416 istalatque
561 2350 781 2394 effrenata
810 2350 1021 2402 ratione,
1061 2362 1150 2407 qua
1195 2349 1329 2392 nobis
1373 2347 1528 2405 populi
