<?xml version="1.0" encoding="UTF-8"?>
<!DOCTYPE html PUBLIC "-//W3C//DTD XHTML 1.0 Transitional//EN"
    "http://www.w3.org/TR/xhtml1/DTD/xhtml1-transitional.dtd">
<html xmlns="http://www.w3.org/1999/xhtml" xml:lang="en" lang="en">
 <head>
  <title>
</title>
<meta http-equiv="Content-Type" content="text/html;charset=utf-8" />
  <meta name='ocr-system' content='tesseract 3.04.00' />
  <meta name='ocr-capabilities' content='ocr_page ocr_carea ocr_par ocr_line ocrx_word'/>
</head>
<body>
  <div class='ocr_page' id='page_1' title='image "4737330_0047.png"; bbox 0 0 1706 2723; ppageno 0'>
   <div class='ocr_carea' id='block_1_1' title="bbox 771 149 828 189">
    <p class='ocr_par' dir='ltr' id='par_1_1' title="bbox 771 149 828 189">
     <span class='ocr_line' id='line_1_1' title="bbox 771 149 828 189; baseline 0 0"><span class='ocrx_word' id='word_1_1' title='bbox 771 149 828 189; x_wconf 88' lang='lat'><strong>35</strong></span> 
     </span>
    </p>
   </div>
   <div class='ocr_carea' id='block_1_2' title="bbox 166 263 1433 1132">
    <p class='ocr_par' dir='ltr' id='par_1_2' title="bbox 166 263 1433 1132">
     <span class='ocr_line' id='line_1_2' title="bbox 170 263 1430 320; baseline 0 -10"><span class='ocrx_word' id='word_1_2' title='bbox 170 265 349 310; x_wconf 76' lang='lat' dir='ltr'><strong>festivis</strong></span> <span class='ocrx_word' id='word_1_3' title='bbox 387 263 659 320; x_wconf 86' lang='lat' dir='ltr'><strong>quibusdam</strong></span> <span class='ocrx_word' id='word_1_4' title='bbox 698 264 973 320; x_wconf 83' lang='lat' dir='ltr'><strong>imaginibus</strong></span> <span class='ocrx_word' id='word_1_5' title='bbox 1016 271 1063 309; x_wconf 90' lang='lat' dir='ltr'><strong>et</strong></span> <span class='ocrx_word' id='word_1_6' title='bbox 1092 265 1235 308; x_wconf 90' lang='lat' dir='ltr'><strong>totius</strong></span> <span class='ocrx_word' id='word_1_7' title='bbox 1266 279 1430 310; x_wconf 78' lang='lat' dir='ltr'><strong>scenae</strong></span> 
     </span>
     <span class='ocr_line' id='line_1_3' title="bbox 171 336 1433 398; baseline 0 -14"><span class='ocrx_word' id='word_1_8' title='bbox 171 336 474 398; x_wconf 78' lang='lat' dir='ltr'><strong>splendidiori</strong></span> <span class='ocrx_word' id='word_1_9' title='bbox 523 338 858 393; x_wconf 81' lang='lat' dir='ltr'><strong>magnificentia</strong></span> <span class='ocrx_word' id='word_1_10' title='bbox 902 346 1057 383; x_wconf 85' lang='lat' dir='ltr'><strong>tenere</strong></span> <span class='ocrx_word' id='word_1_11' title='bbox 1099 338 1348 383; x_wconf 80' lang='lat' dir='ltr'><strong>studebant</strong></span> <span class='ocrx_word' id='word_1_12' title='bbox 1386 349 1433 384; x_wconf 90' lang='lat' dir='ltr'><strong>et</strong></span> 
     </span>
     <span class='ocr_line' id='line_1_4' title="bbox 171 404 1430 471; baseline 0 -13"><span class='ocrx_word' id='word_1_13' title='bbox 171 414 401 458; x_wconf 81' lang='lat' dir='ltr'><strong>oblectare</strong></span> <span class='ocrx_word' id='word_1_14' title='bbox 432 404 737 468; x_wconf 83' lang='lat' dir='ltr'><strong>spectatorum</strong></span> <span class='ocrx_word' id='word_1_15' title='bbox 769 413 965 464; x_wconf 86' lang='lat' dir='ltr'><strong>animos,</strong></span> <span class='ocrx_word' id='word_1_16' title='bbox 998 426 1145 471; x_wconf 89' lang='lat' dir='ltr'><strong>neque</strong></span> <span class='ocrx_word' id='word_1_17' title='bbox 1170 421 1325 458; x_wconf 87' lang='lat' dir='ltr'><strong>tamen</strong></span> <span class='ocrx_word' id='word_1_18' title='bbox 1356 428 1430 458; x_wconf 87' lang='lat' dir='ltr'><strong>res</strong></span> 
     </span>
     <span class='ocr_line' id='line_1_5' title="bbox 171 484 1432 545; baseline 0.002 -16"><span class='ocrx_word' id='word_1_19' title='bbox 171 484 356 530; x_wconf 79' lang='lat' dir='ltr'><strong>aliunde</strong></span> <span class='ocrx_word' id='word_1_20' title='bbox 385 485 580 528; x_wconf 77' lang='lat' dir='ltr'><strong>forsitan</strong></span> <span class='ocrx_word' id='word_1_21' title='bbox 610 492 746 542; x_wconf 85' lang='lat' dir='ltr'><strong>atque</strong></span> <span class='ocrx_word' id='word_1_22' title='bbox 776 500 801 528; x_wconf 91' lang='lat' dir='ltr'><strong>e</strong></span> <span class='ocrx_word' id='word_1_23' title='bbox 827 488 1086 543; x_wconf 85' lang='lat' dir='ltr'><strong>praesentia</strong></span> <span class='ocrx_word' id='word_1_24' title='bbox 1106 491 1330 545; x_wconf 86' lang='lat' dir='ltr'><strong>aucupati,</strong></span> <span class='ocrx_word' id='word_1_25' title='bbox 1362 490 1432 532; x_wconf 90' lang='lat' dir='ltr'><strong>illi</strong></span> 
     </span>
     <span class='ocr_line' id='line_1_6' title="bbox 169 559 1429 619; baseline 0.003 -17"><span class='ocrx_word' id='word_1_26' title='bbox 169 568 222 603; x_wconf 89' lang='lat' dir='ltr'><strong>ut</strong></span> <span class='ocrx_word' id='word_1_27' title='bbox 250 559 448 614; x_wconf 82' lang='lat' dir='ltr'><strong>graviter</strong></span> <span class='ocrx_word' id='word_1_28' title='bbox 479 559 695 602; x_wconf 88' lang='lat' dir='ltr'><strong>commoti</strong></span> <span class='ocrx_word' id='word_1_29' title='bbox 728 572 788 602; x_wconf 86' lang='lat' dir='ltr'><strong>ex</strong></span> <span class='ocrx_word' id='word_1_30' title='bbox 815 560 1049 603; x_wconf 90' lang='lat' dir='ltr'><strong>involucro</strong></span> <span class='ocrx_word' id='word_1_31' title='bbox 1080 561 1171 604; x_wconf 86' lang='lat' dir='ltr'><strong>isto</strong></span> <span class='ocrx_word' id='word_1_32' title='bbox 1200 563 1429 619; x_wconf 84' lang='lat' dir='ltr'><strong>propriam</strong></span> 
     </span>
     <span class='ocr_line' id='line_1_7' title="bbox 168 624 1430 690; baseline 0.002 -15"><span class='ocrx_word' id='word_1_33' title='bbox 168 624 448 690; x_wconf 79' lang='lat' dir='ltr'><strong>dispicerent</strong></span> <span class='ocrx_word' id='word_1_34' title='bbox 476 640 827 690; x_wconf 87' lang='lat' dir='ltr'><strong>excuterentque</strong></span> <span class='ocrx_word' id='word_1_35' title='bbox 851 641 1014 690; x_wconf 92' lang='lat' dir='ltr'><strong>poetae</strong></span> <span class='ocrx_word' id='word_1_36' title='bbox 1036 636 1329 688; x_wconf 88' lang='lat' dir='ltr'><strong>sententiam,</strong></span> <span class='ocrx_word' id='word_1_37' title='bbox 1361 650 1430 679; x_wconf 88' lang='lat' dir='ltr'><strong>se-</strong></span> 
     </span>
     <span class='ocr_line' id='line_1_8' title="bbox 170 703 1428 766; baseline 0.003 -17"><span class='ocrx_word' id='word_1_38' title='bbox 170 705 278 749; x_wconf 87' lang='lat' dir='ltr'><strong>dulo</strong></span> <span class='ocrx_word' id='word_1_39' title='bbox 310 703 623 763; x_wconf 87' lang='lat' dir='ltr'><strong>providebant.</strong></span> <span class='ocrx_word' id='word_1_40' title='bbox 686 704 739 748; x_wconf 89' lang='lat' dir='ltr'><strong>Id</strong></span> <span class='ocrx_word' id='word_1_41' title='bbox 774 719 884 750; x_wconf 88' lang='lat' dir='ltr'><strong>vero</strong></span> <span class='ocrx_word' id='word_1_42' title='bbox 924 708 1073 761; x_wconf 86' lang='lat' dir='ltr'><strong>ipsum</strong></span> <span class='ocrx_word' id='word_1_43' title='bbox 1116 716 1210 761; x_wconf 89' lang='lat' dir='ltr'><strong>est,</strong></span> <span class='ocrx_word' id='word_1_44' title='bbox 1256 710 1306 752; x_wconf 90' lang='lat' dir='ltr'><strong>in</strong></span> <span class='ocrx_word' id='word_1_45' title='bbox 1339 723 1428 766; x_wconf 91' lang='lat' dir='ltr'><strong>quo</strong></span> 
     </span>
     <span class='ocr_line' id='line_1_9' title="bbox 168 781 1430 838; baseline 0.002 -15"><span class='ocrx_word' id='word_1_46' title='bbox 168 781 394 835; x_wconf 83' lang='lat' dir='ltr'><strong>egregium</strong></span> <span class='ocrx_word' id='word_1_47' title='bbox 427 787 657 836; x_wconf 87' lang='lat' dir='ltr'><strong>spectatur</strong></span> <span class='ocrx_word' id='word_1_48' title='bbox 693 781 839 822; x_wconf 86' lang='lat' dir='ltr'><strong>nostri</strong></span> <span class='ocrx_word' id='word_1_49' title='bbox 881 789 1043 837; x_wconf 86' lang='lat' dir='ltr'><strong>poetae</strong></span> <span class='ocrx_word' id='word_1_50' title='bbox 1075 796 1127 825; x_wconf 86' lang='lat' dir='ltr'><strong>ac</strong></span> <span class='ocrx_word' id='word_1_51' title='bbox 1155 782 1328 838; x_wconf 86' lang='lat' dir='ltr'><strong>largum</strong></span> <span class='ocrx_word' id='word_1_52' title='bbox 1359 785 1430 826; x_wconf 89' lang='lat' dir='ltr'><strong>in-</strong></span> 
     </span>
     <span class='ocr_line' id='line_1_10' title="bbox 167 851 1428 911; baseline 0.002 -15"><span class='ocrx_word' id='word_1_53' title='bbox 167 855 374 910; x_wconf 85' lang='lat' dir='ltr'><strong>genium,</strong></span> <span class='ocrx_word' id='word_1_54' title='bbox 407 865 480 895; x_wconf 86' lang='lat' dir='ltr'><strong>ars</strong></span> <span class='ocrx_word' id='word_1_55' title='bbox 512 851 592 894; x_wconf 83' lang='lat' dir='ltr'><strong>illa</strong></span> <span class='ocrx_word' id='word_1_56' title='bbox 622 865 742 895; x_wconf 90' lang='lat' dir='ltr'><strong>nova</strong></span> <span class='ocrx_word' id='word_1_57' title='bbox 769 853 1037 897; x_wconf 88' lang='lat' dir='ltr'><strong>inveniendi</strong></span> <span class='ocrx_word' id='word_1_58' title='bbox 1058 853 1106 910; x_wconf 62' lang='lat'><strong>²¹⁸)</strong></span> <span class='ocrx_word' id='word_1_59' title='bbox 1138 862 1185 897; x_wconf 88' lang='lat' dir='ltr'><strong>et</strong></span> <span class='ocrx_word' id='word_1_60' title='bbox 1204 868 1321 911; x_wconf 90' lang='lat' dir='ltr'><strong>quae</strong></span> <span class='ocrx_word' id='word_1_61' title='bbox 1343 854 1428 898; x_wconf 85' lang='lat' dir='ltr'><strong>sub</strong></span> 
     </span>
     <span class='ocr_line' id='line_1_11' title="bbox 167 926 1433 984; baseline 0 -13"><span class='ocrx_word' id='word_1_62' title='bbox 167 928 318 984; x_wconf 89' lang='lat' dir='ltr'><strong>specie</strong></span> <span class='ocrx_word' id='word_1_63' title='bbox 360 926 611 981; x_wconf 81' lang='lat' dir='ltr'><strong>elegantiae</strong></span> <span class='ocrx_word' id='word_1_64' title='bbox 655 932 702 968; x_wconf 91' lang='lat' dir='ltr'><strong>et</strong></span> <span class='ocrx_word' id='word_1_65' title='bbox 740 926 910 983; x_wconf 89' lang='lat' dir='ltr'><strong>leporis</strong></span> <span class='ocrx_word' id='word_1_66' title='bbox 954 940 1161 971; x_wconf 88' lang='lat' dir='ltr'><strong>severum</strong></span> <span class='ocrx_word' id='word_1_67' title='bbox 1205 928 1433 972; x_wconf 82' lang='lat' dir='ltr'><strong>occultent</strong></span> 
     </span>
     <span class='ocr_line' id='line_1_12' title="bbox 167 997 1430 1053; baseline 0.002 -10"><span class='ocrx_word' id='word_1_68' title='bbox 167 1001 332 1043; x_wconf 84' lang='lat' dir='ltr'><strong>aetatis</strong></span> <span class='ocrx_word' id='word_1_69' title='bbox 365 1014 474 1043; x_wconf 87' lang='lat' dir='ltr'><strong>suae</strong></span> <span class='ocrx_word' id='word_1_70' title='bbox 506 997 738 1053; x_wconf 86' lang='lat' dir='ltr'><strong>iudicium,</strong></span> <span class='ocrx_word' id='word_1_71' title='bbox 770 1001 895 1044; x_wconf 87' lang='lat' dir='ltr'><strong>cuius</strong></span> <span class='ocrx_word' id='word_1_72' title='bbox 926 1003 992 1044; x_wconf 89' lang='lat' dir='ltr'><strong>rei</strong></span> <span class='ocrx_word' id='word_1_73' title='bbox 1017 1002 1430 1045; x_wconf 87' lang='lat' dir='ltr'><strong>luculentissimum</strong></span> 
     </span>
     <span class='ocr_line' id='line_1_13' title="bbox 166 1073 1432 1132; baseline 0.002 -16"><span class='ocrx_word' id='word_1_74' title='bbox 166 1074 216 1117; x_wconf 89' lang='lat' dir='ltr'><strong>in</strong></span> <span class='ocrx_word' id='word_1_75' title='bbox 265 1073 440 1118; x_wconf 84' lang='lat' dir='ltr'><strong>Avibus</strong></span> <span class='ocrx_word' id='word_1_76' title='bbox 495 1074 733 1132; x_wconf 86' lang='lat' dir='ltr'><strong>proposuit</strong></span> <span class='ocrx_word' id='word_1_77' title='bbox 781 1073 1054 1132; x_wconf 86' lang='lat' dir='ltr'><strong>exemplum.</strong></span> <span class='ocrx_word' id='word_1_78' title='bbox 1117 1074 1432 1120; x_wconf 84' lang='lat' dir='ltr'><strong>Producuntur</strong></span> 
     </span>
    </p>
   </div>
   <div class='ocr_carea' id='block_1_3' title="bbox 170 1158 420 1168">
    <p class='ocr_par' dir='ltr' id='par_1_3' title="bbox 170 1158 420 1168">
     <span class='ocr_line' id='line_1_14' title="bbox 170 1158 420 1168; baseline 0 0"><span class='ocrx_word' id='word_1_79' title='bbox 170 1158 420 1168; x_wconf 95' lang='lat' dir='ltr'><strong> </strong></span> 
     </span>
    </p>
   </div>
   <div class='ocr_carea' id='block_1_4' title="bbox 314 1204 1431 1445">
    <p class='ocr_par' dir='ltr' id='par_1_4' title="bbox 314 1204 1431 1445">
     <span class='ocr_line' id='line_1_15' title="bbox 317 1204 1431 1256; baseline 0.001 -14"><span class='ocrx_word' id='word_1_80' title='bbox 317 1204 366 1242; x_wconf 85' lang='lat' dir='ltr'><strong>de</strong></span> <span class='ocrx_word' id='word_1_81' title='bbox 382 1204 557 1243; x_wconf 85' lang='lat' dir='ltr'><strong>comoed.</strong></span> <span class='ocrx_word' id='word_1_82' title='bbox 575 1206 632 1254; x_wconf 82' lang='lat' dir='ltr'><strong>(p.</strong></span> <span class='ocrx_word' id='word_1_83' title='bbox 649 1207 715 1251; x_wconf 83' lang='lat'><strong>29,</strong></span> <span class='ocrx_word' id='word_1_84' title='bbox 737 1204 839 1253; x_wconf 81' lang='lat' dir='ltr'><strong>apud</strong></span> <span class='ocrx_word' id='word_1_85' title='bbox 861 1204 988 1243; x_wconf 85' lang='lat' dir='ltr'><strong>Mein.</strong></span> <span class='ocrx_word' id='word_1_86' title='bbox 1007 1204 1035 1243; x_wconf 92' lang='lat'><strong>1.</strong></span> <span class='ocrx_word' id='word_1_87' title='bbox 1059 1204 1086 1242; x_wconf 92' lang='lat' dir='ltr'><strong>l.</strong></span> <span class='ocrx_word' id='word_1_88' title='bbox 1104 1218 1142 1253; x_wconf 87' lang='lat' dir='ltr'><strong>p.</strong></span> <span class='ocrx_word' id='word_1_89' title='bbox 1165 1207 1262 1243; x_wconf 82' lang='lat'><strong>536:</strong></span> <span class='ocrx_word' id='word_1_90' title='bbox 1289 1204 1431 1256; x_wconf 66' lang='grc' dir='ltr'>γέγονε</span> 
     </span>
     <span class='ocr_line' id='line_1_16' title="bbox 315 1264 1431 1319; baseline 0 -13"><span class='ocrx_word' id='word_1_91' title='bbox 315 1264 356 1305; x_wconf 84' lang='grc' dir='ltr'><strong>δὲ</strong></span> <span class='ocrx_word' id='word_1_92' title='bbox 392 1268 612 1314; x_wconf 79' lang='lat' dir='ltr'><strong>(Cratinus)</strong></span> <span class='ocrx_word' id='word_1_93' title='bbox 651 1268 988 1319; x_wconf 78' lang='grc' dir='ltr'>ποιητικώτατος,</span> <span class='ocrx_word' id='word_1_94' title='bbox 1030 1267 1351 1307; x_wconf 72' lang='grc' dir='ltr'>κατασκευάὲων</span> <span class='ocrx_word' id='word_1_95' title='bbox 1384 1270 1431 1311; x_wconf 77' lang='grc' dir='ltr'><strong>εἷς</strong></span> 
     </span>
     <span class='ocr_line' id='line_1_17' title="bbox 314 1331 1429 1383; baseline 0.001 -15"><span class='ocrx_word' id='word_1_96' title='bbox 314 1333 391 1369; x_wconf 77' lang='grc' dir='ltr'><strong>τόν</strong></span> <span class='ocrx_word' id='word_1_97' title='bbox 414 1332 637 1378; x_wconf 78' lang='grc' dir='ltr'><strong><em>Αἰσχύλου</em></strong></span> <span class='ocrx_word' id='word_1_98' title='bbox 663 1335 924 1383; x_wconf 75' lang='grc' dir='ltr'>χαρακτῆρα.</span> <span class='ocrx_word' id='word_1_99' title='bbox 965 1331 1295 1371; x_wconf 84' lang='lat' dir='ltr'><strong>Candidissimum</strong></span> <span class='ocrx_word' id='word_1_100' title='bbox 1315 1333 1364 1370; x_wconf 88' lang='lat' dir='ltr'><strong>de</strong></span> <span class='ocrx_word' id='word_1_101' title='bbox 1381 1345 1429 1369; x_wconf 88' lang='lat' dir='ltr'><strong>eo</strong></span> 
     </span>
     <span class='ocr_line' id='line_1_18' title="bbox 314 1394 1351 1445; baseline 0 -12"><span class='ocrx_word' id='word_1_102' title='bbox 314 1395 407 1434; x_wconf 83' lang='lat' dir='ltr'><strong>fecit</strong></span> <span class='ocrx_word' id='word_1_103' title='bbox 432 1395 618 1434; x_wconf 84' lang='lat' dir='ltr'><strong>iudicium</strong></span> <span class='ocrx_word' id='word_1_104' title='bbox 645 1394 845 1445; x_wconf 81' lang='lat' dir='ltr'><strong>Aristoph.</strong></span> <span class='ocrx_word' id='word_1_105' title='bbox 876 1397 917 1434; x_wconf 88' lang='lat' dir='ltr'><strong>in</strong></span> <span class='ocrx_word' id='word_1_106' title='bbox 945 1395 1074 1445; x_wconf 81' lang='lat' dir='ltr'><strong>Equit.</strong></span> <span class='ocrx_word' id='word_1_107' title='bbox 1101 1409 1137 1434; x_wconf 88' lang='lat' dir='ltr'><strong>v.</strong></span> <span class='ocrx_word' id='word_1_108' title='bbox 1165 1398 1240 1434; x_wconf 84' lang='lat'><strong>526</strong></span> <span class='ocrx_word' id='word_1_109' title='bbox 1266 1408 1351 1445; x_wconf 87' lang='lat' dir='ltr'><strong>sqq.</strong></span> 
     </span>
    </p>
   </div>
   <div class='ocr_carea' id='block_1_5' title="bbox 240 1467 1428 2485">
    <p class='ocr_par' dir='ltr' id='par_1_5' title="bbox 240 1467 1428 1710">
     <span class='ocr_line' id='line_1_19' title="bbox 240 1467 1428 1518; baseline 0.002 -12"><span class='ocrx_word' id='word_1_110' title='bbox 240 1469 282 1517; x_wconf 79' lang='grc'><strong>*)</strong></span> <span class='ocrx_word' id='word_1_111' title='bbox 316 1467 432 1506; x_wconf 78' lang='lat' dir='ltr'><strong>Hanc</strong></span> <span class='ocrx_word' id='word_1_112' title='bbox 466 1469 542 1506; x_wconf 86' lang='lat' dir='ltr'><strong>vim</strong></span> <span class='ocrx_word' id='word_1_113' title='bbox 580 1482 604 1507; x_wconf 87' lang='lat' dir='ltr'><strong>a</strong></span> <span class='ocrx_word' id='word_1_114' title='bbox 640 1477 778 1507; x_wconf 77' lang='lat' dir='ltr'><strong>natura</strong></span> <span class='ocrx_word' id='word_1_115' title='bbox 815 1469 891 1507; x_wconf 85' lang='lat' dir='ltr'><strong>sibi</strong></span> <span class='ocrx_word' id='word_1_116' title='bbox 924 1470 1083 1507; x_wconf 76' lang='lat' dir='ltr'><strong>insitam</strong></span> <span class='ocrx_word' id='word_1_117' title='bbox 1118 1477 1156 1507; x_wconf 92' lang='lat' dir='ltr'><strong>et</strong></span> <span class='ocrx_word' id='word_1_118' title='bbox 1189 1469 1428 1518; x_wconf 80' lang='lat' dir='ltr'><strong>praeclaram</strong></span> 
     </span>
     <span class='ocr_line' id='line_1_20' title="bbox 312 1528 1427 1583; baseline 0.002 -13"><span class='ocrx_word' id='word_1_119' title='bbox 312 1528 462 1583; x_wconf 78' lang='lat' dir='ltr'><strong>ingenii</strong></span> <span class='ocrx_word' id='word_1_120' title='bbox 479 1531 692 1570; x_wconf 77' lang='lat' dir='ltr'><strong>ubertatem</strong></span> <span class='ocrx_word' id='word_1_121' title='bbox 708 1545 823 1580; x_wconf 86' lang='lat' dir='ltr'><strong>quum</strong></span> <span class='ocrx_word' id='word_1_122' title='bbox 839 1532 939 1570; x_wconf 87' lang='lat' dir='ltr'><strong>bene</strong></span> <span class='ocrx_word' id='word_1_123' title='bbox 954 1535 1120 1570; x_wconf 83' lang='lat' dir='ltr'><strong>sentiret</strong></span> <span class='ocrx_word' id='word_1_124' title='bbox 1132 1541 1263 1582; x_wconf 81' lang='lat' dir='ltr'><strong>poeta,</strong></span> <span class='ocrx_word' id='word_1_125' title='bbox 1291 1535 1427 1572; x_wconf 88' lang='lat' dir='ltr'><strong>eodem</strong></span> 
     </span>
     <span class='ocr_line' id='line_1_21' title="bbox 312 1595 1426 1647; baseline 0 -12"><span class='ocrx_word' id='word_1_126' title='bbox 312 1596 452 1643; x_wconf 86' lang='lat' dir='ltr'><strong>modo,</strong></span> <span class='ocrx_word' id='word_1_127' title='bbox 494 1609 568 1647; x_wconf 85' lang='lat' dir='ltr'><strong>quo</strong></span> <span class='ocrx_word' id='word_1_128' title='bbox 594 1597 765 1646; x_wconf 84' lang='lat' dir='ltr'><strong>ingenue</strong></span> <span class='ocrx_word' id='word_1_129' title='bbox 789 1607 834 1633; x_wconf 84' lang='lat' dir='ltr'><strong>se</strong></span> <span class='ocrx_word' id='word_1_130' title='bbox 859 1596 1057 1645; x_wconf 78' lang='lat' dir='ltr'><strong>praedicat</strong></span> <span class='ocrx_word' id='word_1_131' title='bbox 1082 1595 1265 1635; x_wconf 79' lang='lat' dir='ltr'><strong>Cratinus</strong></span> <span class='ocrx_word' id='word_1_132' title='bbox 1291 1598 1331 1634; x_wconf 91' lang='lat' dir='ltr'><strong>in</strong></span> <span class='ocrx_word' id='word_1_133' title='bbox 1357 1597 1426 1635; x_wconf 88' lang='lat' dir='ltr'><strong>Pi-</strong></span> 
     </span>
     <span class='ocr_line' id='line_1_22' title="bbox 313 1658 953 1710; baseline -0.003 -11"><span class='ocrx_word' id='word_1_134' title='bbox 313 1669 427 1710; x_wconf 74' lang='lat' dir='ltr'><strong>tynes</strong></span> <span class='ocrx_word' id='word_1_135' title='bbox 449 1661 496 1699; x_wconf 80' lang='lat' dir='ltr'><strong>fr.</strong></span> <span class='ocrx_word' id='word_1_136' title='bbox 527 1660 619 1699; x_wconf 82' lang='lat' dir='ltr'><strong>vu.</strong></span> <span class='ocrx_word' id='word_1_137' title='bbox 647 1660 747 1710; x_wconf 82' lang='lat' dir='ltr'><strong>apud</strong></span> <span class='ocrx_word' id='word_1_138' title='bbox 774 1658 953 1698; x_wconf 85' lang='lat' dir='ltr'><strong>Meinek.</strong></span> 
     </span>
    </p>

    <p class='ocr_par' dir='ltr' id='par_1_6' title="bbox 336 1733 1369 1915">
     <span class='ocr_line' id='line_1_23' title="bbox 336 1733 1307 1784; baseline -0.004 -10"><span class='ocrx_word' id='word_1_139' title='bbox 336 1734 447 1774; x_wconf 70' lang='grc' dir='ltr'>ἅναξ</span> <span class='ocrx_word' id='word_1_140' title='bbox 467 1734 708 1778; x_wconf 75' lang='grc' dir='ltr'>”Απολλον,</span> <span class='ocrx_word' id='word_1_141' title='bbox 733 1737 817 1771; x_wconf 77' lang='grc' dir='ltr'><strong>τῶν</strong></span> <span class='ocrx_word' id='word_1_142' title='bbox 841 1733 949 1771; x_wconf 76' lang='grc' dir='ltr'>ἐπῶν</span> <span class='ocrx_word' id='word_1_143' title='bbox 972 1735 1056 1771; x_wconf 79' lang='grc' dir='ltr'><strong>τῶν</strong></span> <span class='ocrx_word' id='word_1_144' title='bbox 1079 1733 1307 1784; x_wconf 79' lang='grc' dir='ltr'>ῥευμάτων.</span> 
     </span>
     <span class='ocr_line' id='line_1_24' title="bbox 336 1794 1369 1849; baseline -0.001 -11"><span class='ocrx_word' id='word_1_145' title='bbox 336 1802 575 1846; x_wconf 76' lang='grc' dir='ltr'>καναχοῦσι</span> <span class='ocrx_word' id='word_1_146' title='bbox 598 1796 749 1849; x_wconf 57' lang='lat' dir='ltr'><strong>noya),</strong></span> <span class='ocrx_word' id='word_1_147' title='bbox 773 1794 1118 1848; x_wconf 82' lang='grc' dir='ltr'>δωδεκάκρουνον</span> <span class='ocrx_word' id='word_1_148' title='bbox 1140 1800 1189 1836; x_wconf 87' lang='grc' dir='ltr'><strong>το“</strong></span> <span class='ocrx_word' id='word_1_149' title='bbox 1218 1798 1369 1843; x_wconf 84' lang='grc' dir='ltr'><em>στόμα,</em></span> 
     </span>
     <span class='ocr_line' id='line_1_25' title="bbox 336 1859 1312 1915; baseline -0.002 -13"><span class='ocrx_word' id='word_1_150' title='bbox 336 1865 514 1905; x_wconf 74' lang='grc' dir='ltr'>Ἰλισσός</span> <span class='ocrx_word' id='word_1_151' title='bbox 538 1863 580 1900; x_wconf 80' lang='grc' dir='ltr'><strong>ἐν</strong></span> <span class='ocrx_word' id='word_1_152' title='bbox 603 1865 653 1913; x_wconf 78' lang='grc' dir='ltr'><strong>τῇ</strong></span> <span class='ocrx_word' id='word_1_153' title='bbox 680 1859 839 1915; x_wconf 70' lang='grc' dir='ltr'>φάρυγι</span> <span class='ocrx_word' id='word_1_154' title='bbox 865 1888 877 1900; x_wconf 89' lang='grc'><strong>.</strong></span> <span class='ocrx_word' id='word_1_155' title='bbox 903 1861 941 1899; x_wconf 85' lang='grc' dir='ltr'><strong>τὶ</strong></span> <span class='ocrx_word' id='word_1_156' title='bbox 968 1861 1020 1900; x_wconf 77' lang='grc' dir='ltr'><strong>α”ν</strong></span> <span class='ocrx_word' id='word_1_157' title='bbox 1045 1863 1199 1907; x_wconf 80' lang='grc' dir='ltr'>εἴποιμί</span> <span class='ocrx_word' id='word_1_158' title='bbox 1224 1872 1312 1907; x_wconf 75' lang='grc' dir='ltr'>σοις</span> 
     </span>
    </p>

    <p class='ocr_par' dir='ltr' id='par_1_7' title="bbox 309 1925 1421 2170">
     <span class='ocr_line' id='line_1_26' title="bbox 337 1925 1239 1981; baseline -0.006 -14"><span class='ocrx_word' id='word_1_159' title='bbox 337 1930 371 1967; x_wconf 81' lang='grc' dir='ltr'><strong>εἰ</strong></span> <span class='ocrx_word' id='word_1_160' title='bbox 393 1929 452 1981; x_wconf 72' lang='grc' dir='ltr'><em>μή</em></span> <span class='ocrx_word' id='word_1_161' title='bbox 478 1929 558 1980; x_wconf 70' lang='grc' dir='ltr'><strong>γὰρ</strong></span> <span class='ocrx_word' id='word_1_162' title='bbox 584 1925 765 1974; x_wconf 81' lang='grc' dir='ltr'>ἐπιβὺσει</span> <span class='ocrx_word' id='word_1_163' title='bbox 788 1940 842 1969; x_wconf 80' lang='grc' dir='ltr'><strong>τις</strong></span> <span class='ocrx_word' id='word_1_164' title='bbox 867 1926 997 1966; x_wconf 81' lang='grc' dir='ltr'>αὐτοῦ</span> <span class='ocrx_word' id='word_1_165' title='bbox 1019 1927 1067 1963; x_wconf 79' lang='grc' dir='ltr'><strong>τό</strong></span> <span class='ocrx_word' id='word_1_166' title='bbox 1094 1925 1239 1970; x_wconf 85' lang='grc' dir='ltr'><strong><em>στόμα,</em></strong></span> 
     </span>
     <span class='ocr_line' id='line_1_27' title="bbox 337 1989 1252 2041; baseline -0.007 -9"><span class='ocrx_word' id='word_1_167' title='bbox 337 1994 499 2032; x_wconf 81' lang='grc' dir='ltr'>ἅπαντα</span> <span class='ocrx_word' id='word_1_168' title='bbox 523 1994 652 2030; x_wconf 79' lang='grc' dir='ltr'>ταῦτα</span> <span class='ocrx_word' id='word_1_169' title='bbox 676 1990 926 2040; x_wconf 77' lang='grc' dir='ltr'>κατακλύσει</span> <span class='ocrx_word' id='word_1_170' title='bbox 951 1989 1178 2041; x_wconf 74' lang='grc' dir='ltr'>ποιήμασιν</span> <span class='ocrx_word' id='word_1_171' title='bbox 1202 2011 1252 2018; x_wconf 94' lang='grc'>-</span> 
     </span>
     <span class='ocr_line' id='line_1_28' title="bbox 313 2041 1421 2106; baseline -0.003 -12"><span class='ocrx_word' id='word_1_172' title='bbox 313 2055 514 2106; x_wconf 84' lang='lat' dir='ltr'><strong>profitetur</strong></span> <span class='ocrx_word' id='word_1_173' title='bbox 531 2041 796 2092; x_wconf 57' lang='lat' dir='ltr'><strong>beatamrovi</strong></span> <span class='ocrx_word' id='word_1_174' title='bbox 821 2052 1044 2091; x_wconf 82' lang='lat' dir='ltr'><strong>inveniendi</strong></span> <span class='ocrx_word' id='word_1_175' title='bbox 1066 2065 1204 2091; x_wconf 81' lang='lat' dir='ltr'><strong>venam</strong></span> <span class='ocrx_word' id='word_1_176' title='bbox 1229 2055 1270 2091; x_wconf 86' lang='lat' dir='ltr'><strong>in</strong></span> <span class='ocrx_word' id='word_1_177' title='bbox 1289 2052 1421 2092; x_wconf 87' lang='lat' dir='ltr'><strong>Nubb.</strong></span> 
     </span>
     <span class='ocr_line' id='line_1_29' title="bbox 309 2123 559 2170; baseline -0.004 -9"><span class='ocrx_word' id='word_1_178' title='bbox 309 2135 347 2161; x_wconf 91' lang='lat' dir='ltr'><strong>v.</strong></span> <span class='ocrx_word' id='word_1_179' title='bbox 373 2123 447 2160; x_wconf 84' lang='lat'><strong>545</strong></span> <span class='ocrx_word' id='word_1_180' title='bbox 475 2132 559 2170; x_wconf 83' lang='lat' dir='ltr'><strong>sqq.</strong></span> 
     </span>
    </p>

    <p class='ocr_par' dir='ltr' id='par_1_8' title="bbox 332 2180 1422 2485">
     <span class='ocr_line' id='line_1_30' title="bbox 332 2180 1398 2236; baseline -0.006 -13"><span class='ocrx_word' id='word_1_181' title='bbox 332 2185 451 2236; x_wconf 67' lang='grc' dir='ltr'><strong>κάγώ</strong></span> <span class='ocrx_word' id='word_1_182' title='bbox 474 2183 551 2228; x_wconf 81' lang='grc' dir='ltr'><strong>μὲν</strong></span> <span class='ocrx_word' id='word_1_183' title='bbox 574 2184 757 2223; x_wconf 80' lang='grc' dir='ltr'>τοιοῦτος</span> <span class='ocrx_word' id='word_1_184' title='bbox 783 2180 886 2233; x_wconf 70' lang='grc' dir='ltr'>ἀνὴρ</span> <span class='ocrx_word' id='word_1_185' title='bbox 913 2182 975 2219; x_wconf 72' lang='grc' dir='ltr'><strong>ὢν</strong></span> <span class='ocrx_word' id='word_1_186' title='bbox 999 2182 1162 2233; x_wconf 65' lang='grc' dir='ltr'><strong>ποιητής</strong></span> <span class='ocrx_word' id='word_1_187' title='bbox 1183 2181 1234 2218; x_wconf 79' lang='grc' dir='ltr'><strong>οὐ</strong></span> <span class='ocrx_word' id='word_1_188' title='bbox 1260 2185 1398 2227; x_wconf 80' lang='grc' dir='ltr'>κομῶ,</span> 
     </span>
     <span class='ocr_line' id='line_1_31' title="bbox 336 2242 1422 2300; baseline -0.003 -11"><span class='ocrx_word' id='word_1_189' title='bbox 336 2247 425 2289; x_wconf 78' lang='grc' dir='ltr'>οὐδ’</span> <span class='ocrx_word' id='word_1_190' title='bbox 435 2250 538 2293; x_wconf 79' lang='grc' dir='ltr'><strong>ὑμᾶς</strong></span> <span class='ocrx_word' id='word_1_191' title='bbox 546 2247 657 2300; x_wconf 72' lang='grc' dir='ltr'><strong>ζητῶ</strong></span> <span class='ocrx_word' id='word_1_192' title='bbox 665 2244 868 2287; x_wconf 77' lang='grc' dir='ltr'>’ἔαπατᾶν</span> <span class='ocrx_word' id='word_1_193' title='bbox 879 2242 934 2289; x_wconf 80' lang='grc' dir='ltr'><strong>δὶς</strong></span> <span class='ocrx_word' id='word_1_194' title='bbox 943 2244 1011 2284; x_wconf 80' lang='grc' dir='ltr'><strong>καὶ</strong></span> <span class='ocrx_word' id='word_1_195' title='bbox 1020 2243 1101 2296; x_wconf 81' lang='grc' dir='ltr'><strong><em>τρὶς</em></strong></span> <span class='ocrx_word' id='word_1_196' title='bbox 1109 2243 1220 2284; x_wconf 74' lang='grc' dir='ltr'><strong>ταῦτ’</strong></span> <span class='ocrx_word' id='word_1_197' title='bbox 1231 2244 1422 2299; x_wconf 67' lang='grc' dir='ltr'><strong>εἰσάγων,</strong></span> 
     </span>
     <span class='ocr_line' id='line_1_32' title="bbox 333 2302 1299 2363; baseline -0.006 -10"><span class='ocrx_word' id='word_1_198' title='bbox 333 2302 431 2353; x_wconf 58' lang='grc' dir='ltr'><strong>ἄλλ’</strong></span> <span class='ocrx_word' id='word_1_199' title='bbox 460 2313 519 2351; x_wconf 76' lang='grc' dir='ltr'><strong>ἀεὶ</strong></span> <span class='ocrx_word' id='word_1_200' title='bbox 544 2314 683 2355; x_wconf 77' lang='grc' dir='ltr'>καινὰς</span> <span class='ocrx_word' id='word_1_201' title='bbox 707 2309 806 2353; x_wconf 78' lang='grc' dir='ltr'>ι’δεάς</span> <span class='ocrx_word' id='word_1_202' title='bbox 830 2309 1029 2363; x_wconf 77' lang='grc' dir='ltr'><em>εἰσφέρων</em></span> <span class='ocrx_word' id='word_1_203' title='bbox 1054 2310 1299 2362; x_wconf 68' lang='grc' dir='ltr'>σοφίζομαι,</span> 
     </span>
     <span class='ocr_line' id='line_1_33' title="bbox 334 2370 1325 2430; baseline -0.006 -11"><span class='ocrx_word' id='word_1_204' title='bbox 334 2376 455 2421; x_wconf 76' lang='grc' dir='ltr'>οὐδὲν</span> <span class='ocrx_word' id='word_1_205' title='bbox 479 2376 735 2430; x_wconf 75' lang='grc' dir='ltr'>ἀλλήλαισιν</span> <span class='ocrx_word' id='word_1_206' title='bbox 761 2375 905 2423; x_wconf 81' lang='grc' dir='ltr'>ὁμοίας</span> <span class='ocrx_word' id='word_1_207' title='bbox 929 2370 1001 2412; x_wconf 81' lang='grc' dir='ltr'><strong>καὶ</strong></span> <span class='ocrx_word' id='word_1_208' title='bbox 1024 2372 1157 2419; x_wconf 80' lang='grc' dir='ltr'>πάσας</span> <span class='ocrx_word' id='word_1_209' title='bbox 1184 2371 1325 2418; x_wconf 73' lang='grc' dir='ltr'><strong>δεξιάς.</strong></span> 
     </span>
     <span class='ocr_line' id='line_1_34' title="bbox 957 2441 1024 2485; baseline 0 -19"><span class='ocrx_word' id='word_1_210' title='bbox 957 2445 984 2485; x_wconf 92' lang='lat'><strong>3</strong></span> <span class='ocrx_word' id='word_1_211' title='bbox 998 2441 1024 2466; x_wconf 63' lang='lat' dir='ltr'><strong>s&lt;</strong></span> 
     </span>
    </p>
   </div>
  </div>
 </body>
</html>
