1706 2723
881 130 937 170 16

269 244 391 289 unde
423 248 697 302 singularem
737 251 1003 288 contexeret
1030 243 1248 289 fabulam.
1296 246 1384 290 His
1416 234 1542 305 prae-

267 321 426 364 missis
458 333 650 364 necesse
689 327 789 364 erat
826 317 1151 364 demonstrari*
1171 320 1312 364 etiam
1345 321 1540 376 singula,

267 405 383 449 quae
433 393 724 450 proferuntur
771 393 821 435 in
870 393 1049 443 fabula,
1111 392 1393 451 respondere
1437 393 1543 437 huic

266 480 449 518 summo
482 469 613 525 qnasi
646 475 938 524 argumento;
970 466 1018 512 id
1046 466 1168 526 quod
1188 475 1407 525 quantum
1439 470 1541 526 qui-

265 539 371 584 dem
405 542 500 585 lieri
533 542 684 600 potuit
715 544 845 586 acute
864 546 1012 600 ‘atque
1042 540 1286 598 diligenter
1324 542 1539 600 exposuit

266 615 558 659 Suevernius.
621 610 718 659 Estv
746 617 885 670 igitur
915 616 1067 658 omnis
1103 614 1427 672 fabula‘quam
1457 629 1538 659 vo·

265 697 370 731 cant
419 676 638 742 allegoria
682 700 769 731 nec
818 695 974 730 tamen
1021 688 1189 730 ea-ita
1219 688 1378 730 stricte
1408 702 1536 731 accu-

261 770 451 819 rateque
483 761 753 814 observata,
784 761 979 804 utvnihil
1011 759 1408 818 inveniaturquod
1442 775 1535 804 non

262 842 483 892 repugnet
516 834 580 892 (p.
616 835 708 890 19).
773 834 1028 878 Consilium
1053 848 1162 878 vero
1193 835 1337 891 fuisse
1368 843 1534 892 poetae

261 916 421 952 totam·
439 922 536 952 rem
569 916 727 965 utpote
755 908 973 952 insanam
1007 909 1266 966 mentisque
1297 914 1531 967 expertein

258 981 451 1026 illudere
496 996 550 1025 ac
592 983 828 1025 levitatem
870 982 1027 1040 populi
1067 982 1366 1026 Atheniensis
1395 984 1532 1026 ‘eius-

258 1069 345 1113 que
379 1057 624 1099 temeraria
652 1057 835 1113 incepta
860 1057 1162 1113 perstringere
1194 1068 1351 1098 severe
1381 1063 1430 1099 et
1461 1070 1530 1099 re-

256 1144 423 1173 vocare
472 1144 552 1172 eos
601 1144 630 1172 a
670 1129 854 1172 stolidis
900 1127 1140 1183 eiusmodi,
1184 1129 1527 1173 tentaminibus.

254 1203 360 1247 Jam
391 1217 500 1246 vero
531 1203 712 1259 singula
743 1203 809 1246 sic
840 1202 933 1245 fere
967 1203 1182 1259 exposuit
1212 1203 1389 1261 totique
1420 1202 1528 1246 ada·

255 1285 385 1335 ptare
402 1276 578 1321 studuit
594 1278 883 1321 Suevernius.
916 1277 1020 1318 Duo
1054 1277 1266 1319 homines
1290 1278 1526 1320 continua-

252 1361 353 1394 rum
384 1352 535 1394 litium
568 1351 789 1409 pertaesi,
844 1349 1152 1413 Pisthetaerus
1185 1356 1232 1392 et
1263 1349 1524 1408 Euelpides,

253 1424 508 1469 ascendunt
537 1425 596 1467 ad
625 1424 819 1467 Tereum
860 1425 909 1466 in
941 1438 1138 1480 upupam
1172 1431 1422 1476 mutatum,
1472 1431 1525 1466 ut

251 1500 396 1542 vitam
431 1504 709 1553 cognoscant
738 1498 892 1540 avium
947 1505 994 1539 et
1043 1498 1306 1554 quaesitent
1358 1497 1519 1544 urbem

250 1572 478 1630 placidam
527 1580 574 1615 et
619 1570 888 1624 iucundam
948 1572 1017 1614 ita
1053 1574 1211 1615 statim
1243 1572 1390 1615 totam
1421 1585 1518 1614 rem

248 1647 556 1690 transferriin
575 1646 725 1689 aerias
755 1645 965 1700 regiones
997 1652 1044 1688 et
1073 1646 1205 1702 quasi
1237 1643 1337 1687 dari
1367 1646 1517 1689 ventis

250 1719 315 1777 (p.
330 1720 424 1774 23).
473 1721 557 1763 llle
586 1734 696 1762 vero
719 1718 1287 1776 Pisthetaerusduplicem
1320 1705 1519 1763 sustinet

245 1804 508 1849 personam,
533 1791 783 1835 Alcibiadis
796 1798 842 1834 et
858 1791 1052 1846 Gorgiae
1062 1791 1297 1845 Leontini,
1323 1804 1514 1850 quorum

241 1866 478 1922 utriusque
521 1879 674 1908 mores
715 1866 766 1907 in
806 1865 892 1907 hoc
922 1879 1014 1918 uno
1062 1866 1194 1907 bunt.
1217 1866 1516 1920 conglutinati

245 1937 379 1996 (Avv.
412 1942 513 1982 427.
531 1938 600 1982 cll.
621 1936 767 1982 Nubb.
800 1937 927 1995 260),
960 1943 1006 1981 et
1021 1950 1226 1982 summus
1242 1938 1449 1997 sophista
1469 1944 1516 1981 et

242 2025 448 2056 summus
470 2012 780 2069 sophistarum
796 2012 1045 2069 discipulus
1060 2011 1223 2069 (p.31).
1247 2000 1316 2045 --”
1330 2012 1513 2067 Euelpi-

242 2083 323 2129 des
340 2092 412 2128 est
432 2085 742 2143 sophistarum
765 2085 963 2129 famulus
976 2093 1021 2129 et
1033 2087 1223 2129 nomine
1233 2084 1408 2129 indicat
1418 2083 1511 2141 ple-

240 2158 347 2201 bem
357 2159 431 2202 vel
448 2160 732 2202 iuventutem
753 2157 981 2202 Alcibiadi
1002 2168 1178 2202 temere
1192 2172 1243 2202 se
1266 2158 1508 2210 dedentem

241 2229 465 2288 (Thucyd.
495 2230 584 2284 Vl,
629 2234 709 2275 24:
759 2230 835 2274 καὶ
874 2229 1158 2284 εὐέλπιδες
1195 2228 1310 2285 ὄντες
1353 2228 1509 2291 σωθή-

240 2302 404 2346 σεσθαι
436 2303 652 2347 οΙΙκΡΙιιῑ.
692 2303 787 2347 Nic.
826 2308 894 2348 12.
928 2303 1071 2347 Alcib.
1090 2309 1158 2348 1⁷.
1190 2304 1384 2348 Diodor.
1416 2305 1504 2347 Sic.

239 2375 371 2431 XII„
405 2378 475 2421 83.
508 2374 659 2431 X111.,
691 2381 742 2431 2,
775 2377 854 2435 qui
885 2390 1045 2422 omnes
1077 2376 1233 2423 dicant
1253 2376 1312 2420 de
1333 2375 1504 2435 populo
