1706 2723
790 144 843 184 13

182 260 380 317 dentque
427 272 550 303 vero·
577 259 741 303 salium
784 259 1080 315 iocorumque
1109 257 1282 315 lepore.
1308 288 1311 291 -
1343 258 1447 302 Non

182 333 366 391 quidem
398 348 472 377 me
502 334 617 389 fugit
647 343 750 374 esse
782 331 951 375 multos
983 346 1154 389 eosque
1172 345 1340 387 magna
1371 345 1450 375 au-

182 409 414 451 ctoritate
425 408 665 456 homines,
697 406 773 462 qui
807 407 1024 461 tragicum
1057 414 1240 462 poetam
1257 414 1448 450 conten-

182 480 295 523 dant
324 482 418 524 non
462 477 677 539 accedere
719 478 778 521 ad
817 479 1025 523 fabulam
1067 478 1449 538 componendam,

182 555 273 595 nisi
306 554 543 609 principali
576 552 778 608 quadam
807 555 1036 596 sententia
1067 563 1342 610 praesumta,
1377 555 1449 596 cui

180 625 260 668 ille
317 626 530 670 idoneam
576 634 764 683 quaerat
813 628 1052 670 materiam
1097 635 1145 670 et
1190 629 1446 684 quaesitam

185 690 396 756 adaptet;
444 699 525 743 sed
560 698 843 742 confundunt
886 700 954 741 illi
987 707 1133 743 artem
1166 713 1267 744 cum
1302 701 1453 743 consi-

183 774 269 825 lio;
303 774 435 816 sicuti
469 774 592 814 enim
626 773 773 828 pictor
801 773 874 814 vel
907 772 1130 827 sculptor,
1171 775 1248 830 qui
1281 781 1452 817 certam

184 845 412 902 quandam
447 844 635 898 effigiem
669 844 740 886 vel
772 844 974 886 colorum
998 845 1221 890 varietate
1234 846 1308 888 vel
1339 846 1454 887 scal-

183 933 265 975 pro
298 919 396 962 vult
425 919 704 976 exprimere,
740 916 938 975 quodam
971 916 1111 960 modo
1142 919 1316 963 inscius
1349 933 1452 977 pro-

184 993 329 1047 gignit
360 992 597 1035 artificium
631 1001 677 1034 ct
695 1005 796 1047 quo
829 992 974 1045 magis
998 994 1272 1047 processerit
1300 993 1350 1034 in
1369 994 1452 1034 fin-

141 1055 152 1060 *
183 1065 356 1121 gendo,
419 1079 473 1108 eo
524 1066 688 1109 clarior
728 1065 817 1122 ipsi
863 1071 910 1107 et
956 1064 1215 1109 evidentior
1252 1072 1455 1120 emerget

186 1140 336 1196 operis
370 1140 439 1182 sui
470 1140 677 1182 internus
710 1139 840 1196 quasi
872 1139 1077 1190 animus,
1110 1140 1176 1181 ita
1205 1141 1255 1181 in
1277 1147 1454 1194 tragoe-

186 1211 262 1255 dia
292 1226 470 1270 quoque
504 1226 683 1256 summa
714 1212 793 1255 illa
824 1213 966 1255 animi
998 1214 1215 1268 cogitatio
1248 1216 1355 1270 nou,⁴
1373 1220 1447 1256 est

187 1287 479 1343 primarium,
541 1273 697 1341 rerum
731 1286 883 1342 potius
930 1294 1186 1329 extremum
1230 1288 1370 1343 inque
1401 1299 1458 1328 eo

189 1361 292 1417 ipso
323 1360 447 1416 inest
479 1359 592 1402 artis
625 1350 832 1419 poeticae
864 1360 1204 1420 magnificentia
1235 1367 1281 1403 et
1311 1361 1458 1403 cerni-

188 1441 264 1476 tur
294 1430 490 1476 altitudo
521 1433 708 1487 ingenii.
758 1431 876 1474 lllud
906 1422 1040 1485 vero,
1072 1431 1197 1490 quod
1229 1447 1457 1477 summum

189 1519 292 1550 esse
325 1504 643 1548 contendimus
677 1504 966 1557 comoediae,
1023 1507 1199 1561 egregie
1230 1507 1463 1564 praestitit

189 1578 523 1635 Aristophanes
555 1577 693 1634 idque
726 1590 815 1633 quo
846 1577 985 1620 modo
1019 1587 1237 1635 appareat
1266 1580 1316 1621 in
1351 1579 1460 1622 Avi-

190 1652 275 1694 bus
306 1652 400 1693 iam
433 1651 521 1692 erit
553 1648 979 1694 demonstrandum.

311 1724 490 1768 Haecce
522 1722 702 1776 fabula,
756 1737 872 1781 quae
905 1731 1034 1767 tanta
1076 1725 1301 1780 elegantia
1346 1733 1462 1768 tam-

192 1812 280 1856 que
312 1799 427 1857 mira
469 1798 725 1854 composita
767 1805 839 1841 est
878 1796 1151 1851 festivitate,
1220 1806 1270 1842 ut
1301 1813 1463 1843 omnes

191 1871 458 1929 praedicent
490 1871 692 1926 egregias
725 1872 823 1914 eius
861 1872 1052 1916 virtutes
1095 1886 1180 1915 nec
1210 1874 1349 1916 etiam
1384 1872 1461 1915 de-

193 1947 310 1997 sint,
372 1946 450 2002 qui
498 1958 599 1987 eam
644 1943 812 1993 ducant
857 1953 1021 2002 poetae
1053 1946 1199 1995 nostri
1232 1958 1464 1990 summum

192 2019 457 2066 artificium,
511 2025 697 2074 propter
725 2020 874 2074 ipsam
906 2019 1022 2060 hanc
1063 2026 1234 2071 artem,
1281 2033 1371 2075 qua
1403 2018 1464 2061 ad

190 2100 341 2137 totum
374 2089 560 2148 aliquod
592 2080 662 2134 est
693 2090 978 2135 conformata
1019 2099 1066 2135 et
1097 2093 1204 2150 quia
1235 2092 1365 2150 copia
1396 2092 1461 2135 le-

193 2179 355 2222 porum
389 2173 524 2222 atque
555 2166 813 2220 imaginum*
855 2167 985 2209 vario
1026 2166 1129 2208 lusu
1168 2168 1235 2208 ita
1276 2173 1347 2208 est
1385 2179 1463 2209 ve-

195 2240 305 2282 stita
335 2240 467 2299 quasi
500 2246 546 2281 et
577 2234 898 2287 circumvelata
938 2252 1046 2282 vera
1077 2239 1174 2282 eius
1209 2252 1262 2282 ac
1294 2239 1463 2298 prima-

193 2313 265 2356 ria
297 2299 549 2364 sententia,
581 2320 632 2355 ut
662 2304 757 2356 fere
789 2311 998 2373 videatur
1017 2311 1144 2354 nulla
1174 2312 1364 2356 subesse
1386 2326 1463 2354 ne-

197 2400 284 2442 que
316 2392 558 2444 appareat,
605 2386 697 2429 nisi
729 2386 808 2443 qui
837 2375 994 2430 sobrie
1024 2385 1152 2433 illam
1187 2393 1234 2430 et
1264 2386 1464 2445 simplici
