1706 2723
857 95 885 134 6

235 211 498 265 gnificentia
517 223 545 253 a
565 210 865 252 nemine-alio
897 212 1110 268 superata
1140 216 1188 252 et
1205 209 1298 252 iam
1331 208 1388 252 ab
1416 213 1500 271 '³¹¹⁴

232 285 375 341 tiquis
408 283 636 327 celebrata
665 286 725 317 —‘·
756 284 828 326 eui
872 295 968 326 non
1007 284 1316 326 inamentem·
1346 283 1504 325 veniat

235 357 577 414 epigrammatis
618 356 742 401 illius
777 355 912 399 ‘dubii
951 356 1135 414 'quidem
1181 356 1380 400 auctoris
1405 354 1503 399 'sed

233 437 354 473 recte
383 430 657 476 iudicantis:

231 507 279 545 αὶ
306 503 501 566 χάριτες
520 504 692 559 τέμενός
723 520 765 548 τι
805 502 969 555 λαβεῖν
1011 507 1133 566 ὅπερ
1165 502 1277 559 οὐχὶ
1293 509 1502 547 πεσεῖται

352 579 575 638 Ξητοῦσαι
605 580 766 639 ψυχήν
795 575 927 638 εὖρον
955 573 1311 639 Ἀριστοφάνὸυς
1325 601 1385 610 --

231 650 420 696 ubinam
453 653 534 696 illa
563 643 831 696 festivitatis
858 651 1114 708 elegantia,
1140 650 1224 694 'ille
1246 651 1412 695 salium
1435 652 1503 694 ie-

232 739 480 783 eornmque
510 726 663 784 lepor,
705 726 784 769 illa
816 726 1064 770 acemrimae
1094 726 1272 768 ironiae
1301 724 1503 768 veritas‘i

204 828 207 830 -
230 797 422 843 ubinam
454 806 586 844 tanta
615 798 839 844 irridendi
868 798 1245 852 iiberoes,·tanta
1266 796 1502 857 aperiendi

231 874 347 916 vitia
376 874 563 917 licentia
594 873 879 930 notandiqne
909 872 1164 916 severitas?
1190 872 1379 915 ubinam
1412 874 1502 915 ista

232 958 374 1002 sagax
390 947 596 991 omnium
644 946 810 991 rerum.
829 945 1109 1005 publicarum
1133 938 1502 1005 privatarumque

231 1020 427 1064 notitia‘!
468 1020 655 1065 ubinam
693 1029 854 1079 poetae
887 1022 1067 1063 animus
1100 1022 1167 1063 ita
1197 1020 1501 1063 inclususat-

232 1106 320 1152 que
351 1094 585 1139 involutus
616 1096 665 1139 in
697 1095 869 1152 ingenii
899 1092 1228 1139 sui-artificio?

349 1166 479 1210 Haec
512 1170 670 1211 omnia
700 1169 807 1211 lieet
839 1169 991 1225 aliqua
1022 1181 1084 1210 ex·
1111 1176 1248 1225 parte*
1272 1166 1503 1225 pendeant

231 1253 290 1284 ex
320 1242 477 1297 animo
520 1249 771 1299 naturaque
811 1238 1052 1285 universae
1083 1240 1318 1285 cuiusdam
1350 1243 1500 1297 gentis

229 1321 276 1355 et
315 1315 502 1370 proprio
543 1316 824 1370 singulorum
855 1315 1062 1370 ingenio,
1114 1321 1281 1366 tamen·
1300 1316 1500 1358 maxime

227 1387 438 1430 nituntur
467 1388 517 1430 in
547 1387 695 1430 libera
727 1388 1077 1432 Atheniensium
1094 1396 1237 1445 >atque
1267 1387 1498 1433 admiran-

228 1456 289 1503 da
319 1461 441 1504 vitae
472 1461 665 1505 ratione.
729 1462 939 1506 Athenae
979 1463 1102 1505 enim
1137 1462 1254 1517 sitae
1299 1463 1348 1506 iu
1373 1463 1498 1517 loeo,

227 1547 316 1590 quo
348 1547 442 1578 non
474 1535 590 1579 alius
624 1537 769 1592 magis
820 1545 1002 1594 poterat
1045 1538 1247 1580 excitare
1277 1537 1500 1580 solemnis

226 1607 349 1651 vitae
378 1605 653 1653 industriam
688 1610 1052 1668 agilitatemque,
1079 1608 1401 1671 circumdatae
1431 1626 1500 1655 re·

225 1679 463 1735 gionibus,
496 1696 613 1738 quae
644 1684 884 1727 fertilitate
915 1682 1100 1740 quidem
1133 1697 1228 1726 non
1261 1683 1495 1727 abundan-

225 1753 292 1796 tia
321 1754 684 1811 praecellebant,
735 1757 853 1801 mira
884 1758 1080 1801 amictae
1110 1756 1227 1801 coeli
1259 1758 1496 1816 temperie,

224 1840 343 1884 quae
374 1828 478 1886 ipsa
508 1831 690 1874 animos
721 1831 953 1875 videretur
984 1830 1300 1889 :noderari*),
1349 1833 1497 1876 cultae

298 1967 336 2011 *)
365 1965 425 2004 Cf.
452 1975 656 2006 venustum
684 1967 791 2008 chori
830 1970 1021 2008 canticum
1056 1970 1095 2006 in
1125 1968 1319 2018 Euripidis
1347 1969 1493 2008 Medea

372 2033 447 2070 (vv.
476 2033 575 2077 824,
590 2039 724 2084 vsqq.):

370 2090 632 2143 Ἐρεχθεῖδαι
653 2096 704 2131 xci
731 2095 915 2133 παλαιόν
942 2094 1084 2142 ὄλβιοι

372 2155 442 2194 καὶ
464 2156 574 2194 θεῶν
596 2154 731 2200 παῖδες
754 2158 982 2209 μακάρων,
1010 2161 1113 2211 ἱερᾶς

372 2219 514 2270 χώρας
539 2208 844 2274 α’πὸρθήτουΐ
870 2221 1210 2276 α’ποφερβόμενοι

372 2283 640 2323 κλεινοτάταν
667 2287 837 2338 σοφίαν,
865 2286 946 2325 αἐὶ
974 2284 996 2324 δ
1008 2290 1059 2325 ιὰ
1081 2288 1109 2326 λ
1123 2304 1263 2340 αμπρ
1276 2289 1431 2328 οτάτο
1443 2304 1468 2326 υ

445 2346 711 2394 βαίνοντες
738 2348 917 2402 α’βρῶς
943 2350 1158 2403 αἰθέρος
1183 2363 1265 2392 κ.τ’.
1281 2353 1308 2390 ἑ.
