1706 2723
833 135 863 174 4

205 264 437 295 connexus
470 257 605 303 atque
636 260 752 304 quae
782 248 952 291 inillis
975 260 1192 304 expressa
1223 256 1294 291 est
1326 250 1471 292 animi

204 326 433 369 sententia
449 336 540 364 nou
574 321 825 377 aperiretur
854 320 1261 379 recludereturque.
1295 320 1471 374 Quodsi

206 407 355 442 autem
390 396 535 438 nihilo
568 397 721 438 minus
754 395 898 437 m'ulta
930 402 1133 439 suntaut
1163 409 1320 452 parum
1350 405 1473 438 recte

204 471 438 514 intellecta
470 477 517 511 et
547 468 773 524 explicata
816 475 896 510 aut
941 469 1075 525 piane
1113 469 1207 512 fere
1238 468 1475 512 recondita

207 553 252 587 et
283 544 484 595 occulta,
529 543 627 583 eius
661 541 724 583 rei
760 555 899 584 causa
938 532 1040 584 cum
1072 544 1118 585 in
1152 544 1296 599 ipsius
1331 551 1471 585 mate-

205 620 302 661 riae
335 617 487 674 posita
520 622 590 657 est
623 612 887 656 difficultate
927 622 974 656 et
1005 615 1115 656 boni
1148 614 1476 659 subsidiijno-

205 694 307 748 pia,
356 699 450 732 tum
483 690 531 730 in
565 686 760 730 diversis
794 689 871 744 qui
903 688 988 731 hos
1021 701 1207 745 campos
1242 690 1478 732 coluerunt

204 761 431 807 tractandi
482 775 596 818 opus
642 760 917 814 rationibus3
985 752 1354 819 quornmhnnlti
1399 771 1477 804 aut

206 839 455 882 inscientes
501 850 527 877 a
560 850 668 877 vero
702 834 1027 877 aberraverunt
1057 845 1135 878 aut
1167 835 1475 891 praeiudicata

208 911 429 966 opinione
462 922 575 964 opus
610 908 806 962 aggressi
849 921 940 949 non
974 915 1221 964 potuerunt
1251 922 1343 951 non
1377 922 1477 965 pro-

204 985 321 1027 ferre
354 983 440 1025 nisi
487 984 591 1024 ficta
620 991 666 1024 et
703 989 976 1024 commenta.
1038 982 1148 1024 Jure
1179 983 1318 1034 enim,
1352 981 1475 1038 quod

206 1057 317 1100 dicit
339 1054 629 1097 Godofredus
651 1054 940 1097 Hermannus
963 1056 1010 1097 in
1034 1056 1244 1097 oratione
1277 1054 1474 1111 quadam

207 1129 440 1186 (Opuscul.
473 1128 523 1169 T.
549 1127 604 1177 V,
639 1143 679 1183 p.
699 1128 807 1182 317)
842 1127 899 1169 de
932 1128 1194 1169 hominibus
1226 1128 1475 1178 historicis,

207 1210 362 1259 potest
392 1201 630 1243 transferri
681 1200 820 1241 etiam
855 1198 912 1241 ad
943 1195 1215 1243 litteratos:'
1256 1199 1478 1252 „accedit‚
1506 1242 1511 1246 ,

207 1275 329 1332 quod
379 1276 456 1330 qui
504 1273 732 1334 explicare
777 1273 869 1314 ista
909 1282 1044 1329 atque
1077 1271 1294 1329 expedire
1325 1274 1477 1316 conati

206 1356 313 1391 suut
344 1373 404 1381 -
438 1346 545 1389 dum
580 1347 678 1387 iure
702 1344 924 1388 increduli
947 1354 1124 1389 veteres
1142 1346 1319 1390 fabulas
1351 1360 1477 1403 sper-

205 1420 404 1473 nebant,
445 1419 603 1462 iudicii
637 1420 846 1462 acumine
878 1433 1055 1463 errores
1087 1418 1272 1476 quidem
1304 1421 1479 1463 invete-

205 1503 331 1538 ratos
356 1494 628 1549 expulerunt
650 1492 900 1548 permultos
921 1493 1307 1550 plurimarumque
1329 1507 1478 1536 rerum

206 1569 445 1611 veritatem
496 1566 820 1610 stabiliverunt
866 1567 1146 1619 certissime,
1209 1565 1291 1609 sed
1336 1566 1478 1610 iidem

211 1643 351 1684 etiam
387 1639 576 1682 audacia
609 1639 894 1681 coniectandi
921 1652 1016 1682 non
1048 1654 1211 1696 pauca,
1244 1653 1359 1695 quae
1391 1640 1479 1682 sibi

207 1728 317 1758 vera
348 1712 645 1765 videbantur,
677 1713 743 1754 ita
775 1721 1066 1764 exornarunt,
1099 1720 1150 1757 ut
1166 1727 1313 1757 novos
1346 1722 1479 1771 pepe-

206 1790 351 1831 rerint
383 1801 558 1829 errores
590 1774 886 1842 laboremque
918 1800 1102 1839 eorum,
1154 1788 1232 1843 qui
1264 1786 1479 1843 deinceps

207 1859 369 1903 eadem
403 1860 577 1902 vellent
608 1860 859 1913 attingere,
914 1859 1051 1901 simul
1085 1858 1367 1911 adiuverint,
1419 1860 1479 1902 si-

208 1933 303 1976 mul
335 1941 487 1975 autem
523 1933 667 1975 etiam
700 1932 958 1974 auxerint.“

329 2007 428 2061 Ego
456 2000 570 2048 ¹vero
603 2007 680 2062 qui
697 2005 810 2048 mihi
833 1998 1149 2062 proposuerim
1169 2020 1314 2063 pauca
1343 2020 1479 2063 quae-

210 2080 317 2123 dam
374 2078 432 2121 de
472 2086 740 2134 argumento
792 2086 838 2121 et
881 2078 1075 2122 consilio
1111 2093 1352 2136 exponere,
1381 2081 1479 2124 eius

193 2153 531 2210 ‘Aristophanis
565 2151 856 2210 comoediae,
890 2166 1006 2209 quae
1037 2154 1257 2208 inscripta
1288 2160 1361 2195 est
1391 2167 1473 2196 no—

208 2227 335 2268 mine
386 2227 579 2278 Avium,
642 2226 903 2283 priusquam
949 2225 1036 2267 hoc
1079 2225 1230 2281 ipsum
1267 2225 1479 2270 ,conabor

206 2310 292 2355 pro
324 2298 445 2341 virili
477 2306 604 2354 parte
636 2305 884 2355 praestare,
916 2311 1010 2340 non
1042 2298 1166 2342 nulia
1197 2299 1353 2355 putavi
1383 2310 1478 2341 non

208 2385 312 2416 esse
345 2370 775 2428 praetermittenda,
808 2383 925 2428 quae
956 2369 1091 2415 nobis
1122 2370 1301 2416 aditum
1333 2369 1396 2418 ad
1422 2371 1480 2417 i1·.
