1706 2723
731 137 788 177 43

122 252 444 313 perversitates
484 259 531 294 et
569 253 734 295 civium
783 251 899 295 vitia
935 249 1189 298 deridenda
1230 253 1383 310 propi-

122 328 251 373 navit
280 326 329 368 in
362 323 729 369 Acharnensibus
759 324 832 367 vel
861 324 1130 382 Equitibns,
1173 325 1267 369 alia
1307 323 1385 368 de-

123 401 223 444 buit
251 400 327 443 via
357 395 568 441 incedere
599 396 875 455 eademque,
918 399 985 441 uti
1030 400 1142 443 mihi
1185 398 1384 452 videtur,

123 474 268 517 multo
302 472 442 530 priori
472 471 755 530 impeditiori
785 484 990 530 quaeque
1010 480 1146 517 antea
1164 475 1244 517 vix
1261 480 1387 517 esset

123 547 295 591 calcata
324 552 371 589 et
401 556 572 603 parum
591 546 781 590 munita.
843 540 1130 604 Nam'quum
1159 547 1384 604 superiori

122 630 329 678 tempore
372 619 420 662 in
467 632 523 663 eo
564 628 823 664 cerneretur
851 621 1013 664 comici
1046 628 1209 678 poetae
1238 622 1383 664 virtus

122 702 258 751 atque
290 694 546 749 ingenium,
591 702 644 738 ut
679 708 796 752 quae
826 696 871 738 ei
902 693 1225 752 suppeditabat
1255 706 1385 751 prae-

121 768 265 811 sentis
316 767 536 824 temporis
577 769 720 820 ratio,
777 782 832 812 ea
875 768 954 811 ille
1009 769 1122 811 scite
1166 766 1387 823 deligeret

122 848 256 898 atque
289 840 385 883 sale
415 840 683 896 facetiisque
715 841 860 884 offusa
882 840 1151 898 produceret
1169 842 1219 882 in
1236 839 1386 897 publi-

120 928 220 958 cum
238 945 251 966 ,
292 915 386 956 iam
418 901 586 970 triplex
616 922 714 958 erat
755 914 937 957 illorum
982 914 1212 966 officium,
1259 914 1389 956 inve-

117 986 274 1029 niendi
305 1000 400 1029 rem
433 994 587 1044 aptam
617 995 890 1038 acvnaturae
931 1000 1127 1045 poeseos
1169 986 1388 1030 conveni-

119 1069 288 1112 entem,
320 1073 421 1103 eam
455 1058 649 1103 ornandi
679 1060 833 1118 lepide
862 1075 916 1104 ac
946 1068 1076 1104 caute
1103 1057 1388 1111 involvendi,

120 1134 316 1191 denique
361 1132 593 1176 inserendi
634 1134 700 1176 uti
748 1133 933 1177 acerbas
965 1134 1292 1189 castigationes
1322 1132 1391 1175 ita

122 1207 322 1249 carmina
342 1206 506 1250 vividis
532 1207 642 1249 artis
665 1207 926 1264 ingeniique
942 1206 1128 1249 floribus
1145 1204 1386 1258 distincta3

120 1278 281 1335 quibus
315 1280 557 1335 postulatis
590 1279 804 1323 omnibus
835 1280 1011 1334 egregie
1044 1279 1270 1322 satisfecit
1286 1277 1390 1321 Ari-

117 1351 364 1409 stophanes
413 1353 460 1395 in
505 1366 559 1395 ea
604 1351 662 1395 de
707 1366 797 1409 qua
827 1353 1003 1408 agimus
1036 1351 1204 1394 sabula.
1269 1350 1389 1395 Nam

117 1425 214 1467 sive
244 1424 503 1481 spectamus
535 1427 711 1468 inventi
743 1433 954 1468 naturam
985 1433 1031 1467 et
1058 1424 1242 1467 consilii
1270 1425 1391 1467 veri-

115 1505 274 1551 tatem,
306 1499 405 1542 sive
438 1497 680 1542 verborum
714 1506 761 1541 et
789 1511 943 1541 rerum
963 1504 1235 1540 ornamenta
1255 1504 1392 1554 atque

119 1578 280 1623 artem,
312 1585 401 1627 qua
425 1580 504 1615 aut
520 1580 636 1614 tecte
666 1571 935 1628 perstrinxit
959 1570 1124 1612 aetatis
1148 1582 1257 1611 suae
1275 1570 1391 1612 vitia

116 1651 195 1686 aut
235 1644 425 1700 impune
469 1645 618 1699 tangit
663 1643 944 1699 singulorum
977 1639 1260 1695 vecordiam,
1291 1642 1390 1685 sive

118 1715 313 1773 denique
354 1704 622 1773 respicimus
671 1730 750 1768 ea,
799 1729 915 1772 quae
962 1722 1147 1771 propter
1193 1727 1389 1771 poeseos

113 1787 252 1832 decus
291 1797 338 1832 et
368 1790 698 1833 sublimitatem
730 1789 930 1832 retinent
973 1788 1181 1840 animos,
1233 1787 1391 1830 omnia

117 1861 174 1905 ab
207 1861 419 1906 omnibus
455 1863 659 1920 partibus
703 1864 769 1907 sic
810 1869 915 1906 sunt
947 1861 1147 1920 perfecta
1179 1868 1227 1904 et
1256 1859 1390 1904 abso-

117 1943 242 1991 luta,
274 1944 326 1978 ut
356 1935 464 1980 data
497 1950 636 1993 opera
667 1935 790 1993 quod
824 1944 869 1980 te
900 1943 1104 1978 moretur
1134 1941 1213 1977 aut
1249 1934 1391 1976 offen-

117 2007 196 2052 dat
226 2023 366 2066 queas
400 2010 514 2052 nihil
547 2010 611 2052 ibi
644 2010 934 2063 investigare.

237 2080 612 2138 Comparaverim
637 2081 752 2123 hanc
783 2079 984 2122 fabulam
1018 2091 1120 2122 cum
1154 2091 1262 2120 arvo
1279 2090 1391 2133 quo-

117 2152 220 2196 dam
269 2154 393 2197 laete
437 2154 605 2211 ubique
649 2167 702 2196 ac
749 2166 964 2210 prospere
996 2152 1186 2202 virenti,
1217 2152 1265 2193 in
1298 2164 1390 2208 quo

115 2235 346 2282 nusquam
379 2233 631 2284 appareant
663 2234 825 2283 tesqua
855 2234 902 2269 et
931 2232 1142 2281 aspreta,
1176 2222 1260 2267 sed
1291 2237 1391 2267 om-

115 2299 193 2341 nia
223 2306 331 2343 sunt
372 2299 526 2343 velata
554 2301 809 2357 amictaque
850 2299 1010 2343 florum
1052 2296 1391 2354 herbarumque

116 2373 315 2427 stragulo
338 2383 559 2424 amoeno;
592 2375 725 2418 sicuti
748 2374 871 2417 enim
898 2373 948 2416 in
970 2371 1199 2417 eiusmodi
1214 2383 1386 2428 campo
