1706 2723
733 167 788 206 33

137 285 210 329 vel
239 280 482 337 tn‘vespis
505 280 764 324 Philocleon
797 293 837 323 a·
857 282 1002 325 nimia
1033 280 1267 324 iudicandi
1297 282 1400 325 libiss

138 357 246 402 dine
276 353 507 405 liberetur,
536 353 687 398 vel-in
720 353 962 398 Senectute
992 366 1128 399 senes
1159 355 1401 399 illionmi-

138 431 222 473 bus
254 427 817 471 malisexutilasciviant
848 428 912 484 (p.
939 428 1040 483 64);
1072 437 1260 485 poetam
1289 443 1400 475 vero

139 505 223 547 hae
271 502 473 556 imagine
502 501 641 544 <senis
683 501 962 557 aegrotantis
1000 509 1047 543 et
1090 505 1401 560 superstitiosi

138 576 357 620 derisisse
403 588 568 617 vanam
607 573 956 617 Atheniensium
1011 578 1398 632 superstitionem,

138 660 227 708 qua
255 647 391 694 valde
406 648 656 691 laborasse
678 648 856 692 Niciam
882 661 1028 706 eoque
1051 650 1192 694 etiam
1214 652 1401 695 nomine

138 715 424 782 perstrictum
455 736 558 765 esse
590 735 618 764 a
648 722 784 779 poeta
812 720 927 765 nihil
957 722 1181 779 impedire
1208 737 1298 782 quo
1319 727 1404 769 mi·

141 788 225 841 nus
258 797 609 840 consentiamus.
675 795 801 837 Haec
841 795 1101 852 explicandi
1141 799 1260 840 ratio
1293 812 1403 842 sane

138 869 351 914 videatur
379 867 656 926 probabilis,
688 875 909 924 quantum
941 867 1127 925 quidem
1160 882 1219 913 ex
1249 871 1405 927 paucis

141 943 409 987 comoediae
439 943 562 985 illius
594 941 789 984 discerni
823 949 975 998 potest
1003 942 1222 999 reliquiis.
1298 944 1408 988 Utut

140 1026 235 1068 est,
267 1015 382 1059 iilud
414 1030 506 1058 non
539 1015 788 1058 obnoxium
822 1016 1075 1071 putaverim
1109 1014 1404 1071 dubitationi,

139 1092 247 1148 quin
282 1090 399 1133 Aves
431 1092 479 1131 et
512 1088 814 1145 Amphiaraus
846 1102 901 1130 eo
934 1090 1028 1131 sint
1057 1090 1179 1132 inter
1209 1104 1261 1133 se
1290 1093 1405 1135 assi-

140 1164 289 1215 miles,
320 1162 442 1219 quod
474 1170 678 1218 tempore
711 1164 817 1204 sunt
849 1163 1144 1218 compositae,
1178 1177 1267 1219 quo
1291 1164 1405 1207 libe·

138 1237 233 1279 rior
287 1236 368 1278 illa
417 1233 682 1277 comoediae
727 1233 919 1278 notandi
970 1242 1018 1277 et
1069 1236 1403 1292 perstringendi

139 1311 326 1352 licentia
343 1309 525 1365 paulum
544 1316 643 1350 erat
668 1306 904 1350 deminuta
919 1315 966 1350 et
988 1308 1258 1352 arctioribus
1280 1324 1404 1354 coer-

141 1384 231 1426 cita
262 1380 501 1426 limitibus.
564 1380 680 1425 Nam
712 1380 793 1424 illa
821 1381 916 1424 fere
954 1388 1109 1425 aetate
1133 1383 1402 1437 Syracosius

138 1455 327 1513 quidam
358 1456 668 1511 psephismate
701 1462 907 1506 caverat,
957 1468 1015 1497 ne
1048 1456 1149 1512 quis
1181 1455 1406 1508 ὀνομαστὶ

138 1532 188 1571 in
233 1527 483 1572 comoediis
530 1526 863 1578 traduceretur,
916 1529 982 1569 uti
1031 1531 1336 1586 comperimus
1378 1545 1405 1575 e

139 1603 291 1646 Schol.
322 1602 434 1645 Avv.
468 1604 604 1644 1297:
636 1597 758 1642 δοκεῖ
785 1597 831 1641 δὲ
862 1598 1176 1657 (Syracosius)
1209 1602 1285 1645 καὶ
1307 1593 1404 1664 ψή-

138 1683 291 1731 φισμα
318 1672 556 1718 τεθεικέναι
582 1675 649 1733 μή
681 1669 997 1728 κωμῳδεῖσθαι
1038 1672 1265 1728 ὀνομαστί
1288 1690 1401 1728 τινα,

140 1750 195 1803 ώς
214 1748 436 1809 Φρύνιχος
449 1749 497 1791 ἑν
516 1745 813 1807 Μονοτρόπῳ
837 1747 964 1805 φησί.
996 1762 1036 1790 κ.
1056 1762 1094 1790 τ.
1116 1751 1188 1803 Q?
1215 1748 1269 1793 id
1293 1753 1403 1808 quin

138 1822 281 1866 nimis
307 1823 400 1866 late
431 1823 492 1866 sit
522 1820 697 1864 dictum
720 1819 876 1864 nullus
907 1819 1094 1875 dubito,
1133 1836 1276 1880 quum
1302 1825 1404 1883 ipsa

138 1903 298 1940 nostra
327 1895 484 1945 fabula
509 1895 806 1940 vehementer
830 1903 1062 1953 repugnet,
1092 1897 1143 1938 in
1168 1910 1258 1953 qua
1279 1910 1401 1941 com-

140 1970 288 2027 plures
320 1984 466 2027 neque
496 1970 531 2012 ii
563 1982 724 2012 omnes
756 1968 925 2010 nullius
950 1969 1234 2012 auctoritatis
1258 1970 1400 2014 laces-

139 2049 302 2086 suntur
336 2042 571 2091 homines,
623 2042 715 2085 nisi
762 2052 862 2083 cum
902 2036 984 2083 Th.
1024 2040 1219 2096 Bergkio
1257 2042 1399 2099 (apud

138 2112 357 2160 Fritzsch.
388 2114 576 2168 Quaest.
611 2113 840 2171 Aristoph.
872 2113 917 2167 I,
948 2127 991 2170 p.
1025 2114 1161 2169 319),
1208 2116 1279 2158 cui
1319 2115 1398 2159 ad·

137 2190 381 2245 stipulatur
404 2189 657 2232 Meinekius
681 2185 855 2230 Histor.
890 2185 999 2231 Crit.
1032 2201 1072 2245 p.
1092 2190 1165 2239 40,
1196 2191 1398 2243 angusti-

138 2275 264 2304 orem
286 2262 509 2306 locutioni
531 2258 758 2317 κωμῳδεῖν
787 2258 1012 2311 ὀνομαστὶ
1036 2261 1282 2304 terminum
1306 2269 1399 2306 sta-

139 2333 357 2378 tuendum
398 2348 500 2379 esse
543 2335 828 2385 arbitramur.
891 2334 961 2376 De
997 2346 1087 2391 qua
1128 2347 1265 2379 causa
1302 2349 1397 2379 non

139 2406 352 2454 abhorret
381 2422 410 2453 a
439 2409 657 2461 veritate,
696 2409 815 2452 bene
842 2405 1073 2453 iudicasse
1104 2407 1398 2463 Droysenum

736 2485 748 2497 ⁶
920 2483 947 2522 3
