1706 2723
858 129 914 170 14

238 244 381 290 modo
406 246 644 302 exquirat,
676 243 833 287 multis
865 250 1045 288 tentata
1073 250 1145 288 est
1175 252 1226 288 et
1250 245 1392 289 variis
1425 243 1506 288 do-

239 327 415 368 ctorum
448 315 689 361 hominum
735 318 1034 371 coniecturis,
1080 330 1282 376 quorum:
1316 318 1402 361 alii.
1428 326 1506 360 aut

237 393 373 450 plane
401 398 686 447 negaverunt
724 392 881 436 inesse
921 393 970 441 in
1003 406 1073 446 ea,
1105 404 1222 449 quae
1251 390 1400 435 'totam
1432 404 1505 434 co-

235 466 362 524 pulet
394 465 666 523 colligatque
680 461 961 510 sententiam
983 475 1120 524 atque
1135 467 1202 510 ita
1213 465 1365 518 simui,
1382 463 1504 523 quod

233 541 420 583 unicum
454 538 588 582 efficit
612 553 727 596 opus
765 547 863 582 arte
902 542 1230 598 contpositum,
1254 539 1505 591 removere,

235 622 316 657 aut
339 615 395 657 -in
426 614 627 656 fortuitis
650 612 933 668 quibusdam
986 622 1123 669 atque
1161 614 1326 656 alienis
1367 612 1500 656 rebus

235 688 558 744 quaesiverunt
588 684 771 728 fabulae
804 684 1101 742 originem*).
1175 686 1373 729 Illorum,
1393 699 1501 729 vero

233 760 476 817 opiniones
509 772 648 816 quum
682 758 739 801 ab
772 759 874 802 aliis
898 761 990 818 iam
1012 760 1126 804 satis
1139 761 1233 803 sint
1252 759 1500 810 refutatae,

233 832 371 876 nobis
401 832 451 876 id
482 831 633 875 modo.
651 832 857 876 relictum
891 840 986 887 est,
1018 840 1070 876 ut
1099 847 1155 877 ea
1185 833 1500 875 examinemus

232 920 286 948 an
317 904 729 962 perpenderemus,
769 901 1186 962 quaerecentioris
1220 907 1322 949 aevi
1353 906 1499 949 homi-

230 992 314 1022 nes
347 977 521 1021 de-hac
551 977 706 1022 fabula
739 977 1011 1023 studuerunt
1041 978 1281 1023 disserere.
1316 993 1321 997 -
1377 1009 1380 1011 -

350 1067 476 1109 Inter
505 1066 612 1109 illos
656 1066 805 1124 primo
851 1051 952 1109 loco
986 1066 1224 1124 ponendus
1267 1073 1339 1109 est
1370 1065 1498 1108 Sue·
1539 1098 1547 1109 ,

228 1141 486 1191 vernius,
550 1141 626 1196 qui
669 1140 716 1181 in
765 1139 1233 1198 commentationibus
1279 1138 1494 1183 Academ.

226 1212 426 1255 Berolin.
462 1213 592 1256 class.
639 1212 746 1256 hist
788 1212 945 1269 philol.
989 1226 1030 1256 a.
1076 1214 1189 1258 1827
1231 1212 1321 1269 (ed.
1360 1211 1494 1270 1830)

226 1300 269 1343 p.
305 1289 328 1328 1
363 1309 423 1316 —
457 1288 541 1329 109
573 1283 632 1327 de
665 1286 858 1329 consilio
875 1285 1042 1329 Avium
1063 1285 1386 1354 Aristophanis
1419 1285 1496 1328 de-

226 1372 314 1416 que
345 1358 527 1402 ratione
558 1365 604 1401 et
648 1352 1055 1416 interpretatione
1080 1359 1222 1402 multa
1282 1359 1496 1417 exposuit

227 1430 361 1475 docte
403 1440 449 1475 et
487 1432 744 1485 enucleate,
807 1441 1122 1476 verumtamen
1169 1433 1259 1476 ista
1290 1435 1356 1476 sic
1384 1440 1495 1477 sunt

306 1556 345 1604 i³)
373 1554 465 1595 Vid.
494 1553 731 1593 Clodius:
770 1553 973 1594 Vei-suche
1001 1567 1071 1592 nus
1103 1555 1172 1593 der
1198 1554 1390 1594 litterator
1414 1554 1493 1592 und

376 1618 513 1655 moral.
557 1611 608 1655 Τ.
646 1618 700 1655 11.
738 1632 777 1667 p.
801 1621 877 1655 238
900 1638 950 1646 —
979 1622 1067 1671 249.
1130 1616 1332 1658 Mauso:
1360 1617 1491 1672 Nach-

374 1684 485 1732 trt'ige
523 1695 569 1733 zu
605 1681 763 1719 Sulzers
799 1681 963 1719 theorie.
1006 1680 1057 1719 Τ.
1092 1681 1185 1720 Vll.
1222 1695 1257 1730 p.
1292 1684 1366 1719 123
1407 1694 1490 1729 sqq.

375 1744 524 1783 Beck.
553 1744 723 1799 praefat.
751 1746 798 1784 ad
827 1737 932 1783 Aves
960 1752 999 1783 et
1024 1733 1063 1782 in
1091 1744 1308 1783 comment.
1338 1745 1386 1783 ad
1400 1744 1490 1783 Ari-

321 1807 324 1810 *
375 1799 556 1858 stophen.
584 1807 634 1847 T.
665 1808 741 1847 Ill.
771 1824 806 1859 p.
834 1806 922 1848 359.
975 1808 1150 1847 Theatre
1178 1809 1248 1846 des
1275 1808 1395 1847 Grecs
1422 1822 1491 1857 par

371 1873 408 1911 ie
435 1872 478 1910 Ρ.
506 1871 733 1921 Brumoy.
760 1872 809 1911 T.
837 1871 940 1911 ΧΠ.
966 1886 1005 1921 p.
1027 1875 1116 1919 152,
1143 1875 1208 1922 qui
1236 1871 1371 1911 omnes
1398 1885 1488 1910 cen-

368 1948 483 1976 suere
509 1944 634 1975 actam
663 1949 753 1975 esse
779 1936 881 1978 hane
904 1935 1099 1984 fabulam,
1150 1945 1192 1975 ut
1225 1935 1489 1979 Athenienses

369 2014 419 2040 ne
432 2001 605 2043 Decelea
631 2003 846 2040 muniretur
870 2001 1207 2040 nLacedemoniis
1233 2002 1489 2040 admoneren-

367 2073 429 2105 tur
455 2073 521 2105 aut
547 2065 605 2103 illi
633 2067 925 2111 deterrerentur
945 2064 994 2105 ab
1017 2064 1090 2111 boc
1116 2073 1258 2106 conatu
1284 2072 1350 2109 aut
1361 2064 1485 2103 Athe-

337 2129 574 2185 ‘aiensibus
594 2137 882 2184 mpnstraretut
906 2131 994 2184 via,-
1020 2143 1120 2184 qua
1116 2141 1175 2171 se
1171 2135 1348 2183 possent
1373 2128 1486 2167 malis

368 2193 566 2241 liberare,
600 2179 695 2231 urbe
722 2195 901 2240 ni'mirum
921 2194 1075 2253 plane
1082 2178 1231 2232 relietu.
1283 2192 1391 2239 Inter
1416 2206 1485 2231 eos

368 2258 432 2305 qui
458 2256 556 2294 nihil
583 2248 624 2295 in
653 2256 726 2295 hac
751 2256 884 2296 fabula
911 2246 1094 2295 videbant
1120 2258 1195 2295 nisi
1222 2255 1343 2306 vagas
1366 2268 1484 2305 quas-

367 2319 456 2359 dam
483 2327 522 2359 et
545 2321 766 2361 iucundas
754 2322 949 2373 imagines
974 2321 1199 2361 referendus
1225 2329 1287 2360 est
1313 2317 1482 2360 Schle-

367 2383 485 2436 gel.:
513 2383 775 2425 dramatische'
797 2385 1058 2437 vorlesungen
1085 2385 1135 2425 T.
1150 2385 1181 2423 1.
1207 2398 1244 2433 p.
1266 2381 1341 2422 ²31¹
1357 2385 1480 2424 -13.
