1706 2723
881 94 940 134 40

286 208 345 251 de
394 222 504 266 pace
548 210 723 264 legatos
764 209 926 250 iniisse
971 220 1051 250 eos
1090 207 1363 257 consilium,
1392 219 1550 263 -quam

286 282 413 325 nullo
478 289 610 338 pacto
671 279 1039 336 componendam
1100 292 1224 322 esse-
1249 278 1552 331 Pisthetaero,

286 355 379 397 nisi
412 354 451 396 si
484 351 751 397 tradidisset
781 353 992 410 suppitcr
1019 361 1068 397 et
1097 361 1332 409 sceptrum
1359 360 1406 395 et
1423 352 1552 406 „rogi-

287 441 394 470 nam
449 428 498 470 in
548 427 909 470 matrimonium.
981 426 1105 471 Dato
1158 426 1354 470 consilio
1401 424 1556 470 evadit

289 500 591 546 Prometheus
633 501 696 558 (v.
731 504 844 545 1494
868 523 926 532 ·-—
954 502 1104 556 1554).
1184 501 1307 544 Huic
1323 513 1329 530 ί
1345 500 1460 555 parti
1513 506 1558 540 et

290 573 566 618 antecedunt
604 582 652 618 et
690 572 895 618 subiecta
932 581 1043 619 sunt
1075 575 1288 626 carmina·
1307 573 1430 619 chori
1465 585 1558 614 ma-

289 661 406 703 gnae
421 649 667 704 gravitatis.
700 646 885 692 Deinde
903 644 1427 703 proceduntNeptunns,
1443 645 1558 690 Her-

291 722 439 773 cules,
496 720 753 772 Tribunus,
814 720 921 765 dum
966 719 1277 764 Pisthetaerus
1297 743 1299 745 ·
1321 726 1561 775 praeparat

288 795 595 841 lautissimam
629 806 817 838 coenam
851 807 936 838 nee
965 792 1022 838 ab
1055 793 1188 837 initio
1217 783 1558 849 denrunrprae-

293 869 445 914 sentia
475 867 684 913 turbatur
722 869 772 913 iu
804 868 1003 922 negotio.
1066 867 1313 923 Postquam
1340 866 1415 920 *illi
1446 879 1561 922 quae

291 948 414 984 esset
453 940 677 984 adventus
716 953 853 984 causa
885 939 1203 997 enuntiarunt,
1253 938 1369 983 dicit
1408 952 1460 983 se
1491 938 1561 984 Pi-

291 1013 547 1058 sthetaerus
571 1013 695 1057 nulla
717 1011 980 1058 conditione
1007 1010 1170 1056 foedus
1196 1014 1561 1062 esse-facturum,

289 1087 382 1132 nisi
413 1085 594 1132 reddito
628 1100 655 1128 a
685 1086 800 1129 Jove
834 1085 993 1132 avibus
1025 1092 1225 1143 sceptro3
1268 1086 1307 1130 si
1336 1085 1562 1143 haec-pa-

297 1160 409 1202 cturi
444 1167 621 1212 essent,
657 1173 819 1205 vocare
852 1173 902 1207 se
933 1160 1108 1214 legatos
1139 1158 1199 1203 ad
1232 1159 1402 1215 epulas.
1464 1159 1568 1202 Hoc

293 1232 480 1275 Herculi
523 1233 743 1278 esurienti
796 1230 957 1276 sufficit
1003 1239 1049 1273 et
1097 1231 1334 1289 Neptunus
1362 1245 1567 1289 -quoque

294 1306 444 1361 primo
477 1304 660 1361 quidem
694 1306 945 1359 refragatus
979 1318 1088 1353 mox
1107 1305 1380 1350 Pisthetaeri
1410 1313 1566 1360 arguta

295 1378 558 1434 eloquentia
590 1377 831 1420 adducitur
862 1385 912 1423 ut
943 1379 1071 1425 ineat
1096 1376 1288 1433 foedus,
1321 1379 1389 1423 cui
1423 1379 1561 1421 etiam

292 1448 546 1494 Tribanum
580 1452 687 1493 licet
717 1452 869 1494 aliena
900 1465 952 1492 ac
984 1450 1176 1496 barbara
1208 1451 1407 1494 locutum
1441 1464 1566 1493 acce·

295 1521 403 1565 dere
445 1536 539 1566 non
583 1521 660 1565 diu
693 1522 885 1578 litigant.
952 1522 1012 1568 At
1043 1525 1315 1579 tempestive
1349 1525 1566 1569 succurrit

293 1595 581 1639 Pisthetaero
631 1609 681 1639 se
721 1596 909 1640 alterius
957 1596 1237 1642 conditionis
1285 1597 1420 1654 plane
1465 1610 1567 1640 esse

295 1667 490 1710 oblitum
524 1675 571 1710 et
601 1667 811 1724 deposcit
841 1676 1077 1724 praeterea
1107 1670 1308 1724 reginam
1337 1669 1427 1716 sibi
1455 1683 1567 1715 uxo-

292 1754 404 1784 rem.
469 1740 572 1784 Hoc
604 1749 760 1785 movet
789 1740 989 1797 Neptuni
1024 1743 1309 1800 stomachum
1342 1741 1480 1795 adeo,
1517 1749 1568 1788 ut

294 1813 407 1856 velit
438 1812 591 1866 abire;
650 1824 699 1864 at
729 1813 946 1858 Hercules
980 1816 1182 1865 carnium
1216 1814 1362 1863 odore
1393 1814 1564 1863 dudum

297 1886 486 1932 allectus
513 1887 710 1940 resistit;
743 1900 836 1931 non
854 1902 956 1932 esse
981 1895 1165 1945 propter
1188 1902 1324 1938 unam
1346 1889 1567 1938 feminam

299 1958 663 2015 disceptandum.
717 1960 907 2009 Frustra
938 1961 1092 2010 studet
1124 1964 1265 2012 maris
1294 1962 1571 2018 gubernator

300 2033 569 2076 convincere
601 2034 904 2078 fortissimum
936 2035 1065 2079 Jovis
1099 2036 1274 2089 filium,
1328 2038 1416 2094 ipsi
1461 2035 1570 2082 inde

298 2107 553 2150 maximum
571 2114 809 2151 enaturum
839 2108 1180 2164 detrimentum,
1203 2125 1341 2168 quum
1354 2110 1470 2158 Jove
1494 2108 1571 2158 de-

300 2178 457 2223 functo
480 2178 539 2222 ad
564 2180 899 2231 Pisthetaerum
925 2184 1086 2233 omnia
1106 2185 1200 2231 sint
1223 2182 1439 2235 reditura,
1467 2184 1573 2239 ,ipse

301 2263 411 2294 vero
434 2252 554 2296 foret
576 2253 703 2296 omni
724 2266 774 2296 re
800 2260 936 2311 atque
970 2255 1134 2313 opibus
1167 2254 1436 2308 destitutus3
1464 2268 1574 2305 nam

298 2322 373 2391 hic
414 2324 558 2369 multo
603 2326 680 2370 illo
724 2325 941 2379 disertior
982 2328 1250 2386 comprobat
1291 2331 1427 2386 plane
1473 2342 1574 2377 esse
