1706 2723
845 83 898 121 12

236 196 416 256 etipsa
447 197 784 256 deperditarum
816 197 1097 253 fragmenta,
1140 212 1230 241 uno
1263 198 1503 243 videantur

237 280 285 314 et
314 271 477 315 eodem
517 272 808 328 ‘compositae
852 272 1069 324 consili03
1131 271 1217 315 hoc
1247 273 1420 324 effecit,
1452 281 1503 315 ut

235 356 534 402 unaquaeque
576 358 732 387 earnm
779 346 929 402 possit
973 345 1165 388 conferri
1198 358 1298 388 cum
1331 345 1503 397 tabula,

235 432 351 474 quae
381 418 598 462 exhibeat
627 420 851 474 integram
897 428 945 463 et
974 432 1129 463 veram
1161 421 1287 464 vitae
1321 419 1501 463 Atticae

236 490 608 550 descriptionem.
671 494 820 536 Simul
851 494 991 537 etiam
1038 495 1085 536 in
1117 494 1204 537 hoc
1234 493 1346 537 mihi
1377 492 1503 537 vide-

236 574 310 608 tur
337 567 493 609 inesse
532 569 712 623 insigne
753 566 1039 610 comoediam
1086 569 1207 611 inter
1250 575 1298 610 et
1327 575 1503 623 tragoe-

237 638 360 682 diam
396 639 663 693 discrimem
695 654 801 683 nam
819 654 957 697 quum
976 647 1112 697 poeta
1134 642 1345 696 tragicus,
1380 647 1504 697 post·

234 725 371 768 quam
423 720 577 769 aptam
627 713 717 755 sibi
763 714 1022 771 exquisivit
1049 715 1290 756 materiam
1337 721 1416 756 aut
1447 726 1505 755 ex

235 786 412 842 patriae
444 778 616 841 mythis
646 787 912 831 historiisve
944 788 1134 844 petitam
1167 795 1248 830 aut
1277 788 1416 829 etiam
1446 800 1505 829 ex

236 858 508 914 alienigenis
520 890 533 912 ,
568 874 669 902 eam
684 862 687 864 ’
701 861 766 903 ita
783 860 956 903 debeat>
969 868 1163 903 tractare
1182 867 1230 903 et
1244 859 1503 918 disponere,

234 939 285 974 ut
315 932 549 976 auditores
581 935 628 976 in
661 935 734 987 iis,
766 936 848 991 qui
863 935 1095 978 sustinent
1115 948 1349 992 personas,
1383 949 1504 990 egre-

233 1005 333 1059 gios
366 1008 726 1064 conspiciant'et
758 1007 979 1051 sublimes
1009 1008 1244 1060 homines,
1277 1008 1352 1064 qui
1396 1020 1498 1063 pro-

235 1087 338 1136 pter
368 1080 578 1123 innatam
610 1082 724 1139 ipsis
762 1084 977 1125 virtutem
997 1083 1045 1124 in
1078 1096 1258 1125 summa
1290 1087 1370 1124 aut
1400 1094 1506 1123 con-

233 1154 450 1196 iiciantnr
466 1155 665 1206 pericula
696 1164 775 1198 aut
807 1169 862 1199 ea
894 1169 977 1199 sua
1009 1163 1173 1214 sponte
1193 1154 1388 1198 subeant
1418 1155 1504 1196 ita-

233 1241 321 1284 que
352 1241 489 1284 saepe
519 1230 567 1271 in
599 1229 791 1273 exitium
824 1231 1202 1287 praecipitentur,
1235 1243 1325 1285 qua
1340 1242 1389 1271 re
1410 1242 1503 1271 non

232 1309 386 1357 potest
431 1315 524 1343 non
578 1304 884 1360 spectantium
933 1304 1109 1346 moveri
1148 1301 1402 1345 admiratio
1459 1310 1505 1345 et

231 1374 550 1419 misericordia
574 1384 710 1434 atque
729 1375 917 1425 efficitur
936 1377 1089 1429 simul,
1120 1377 1168 1419 in
1202 1377 1260 1419 iis
1292 1383 1341 1418 ut
1360 1389 1503 1419 emer-

231 1456 310 1503 gat
339 1449 459 1491 inter
490 1450 788 1507 spectandum
823 1465 988 1506 magna
1019 1451 1170 1507 aliqua
1214 1455 1261 1491 et
1292 1448 1502 1493 sublimis

233 1522 487 1575 sententia,
535 1524 626 1576 ini,
677 1526 754 1581 qui
785 1525 899 1575 velit
939 1537 997 1567 ex
1029 1524 1284 1567 Atticorum
1317 1524 1502 1578 ingenio

233 1609 509 1653 componere
542 1595 853 1650 comoediam,
915 1598 1068 1654 potius
1117 1596 1166 1639 id
1209 1598 1296 1639 erit
1327 1597 1504 1653 prospi-

234 1669 468 1721 ciendum,
500 1677 550 1713 ut
581 1678 823 1727 cognoscat
854 1671 1050 1728 primum
1085 1670 1250 1713 aetatis
1283 1669 1503 1712 civitatis·

232 1757 320 1800 que
351 1742 661 1786 conditionem
698 1745 1071 1802 internoscatque
1112 1750 1266 1796 acute,
1311 1741 1421 1800 quid
1453 1744 1500 1786 in

229 1817 312 1859 illa
343 1818 470 1874 pravi
513 1819 593 1861 flat
633 1826 713 1861 aut
757 1832 897 1862 sanae
936 1819 1107 1862 rationi
1139 1825 1186 1861 et
1214 1817 1391 1873 legibus
1424 1831 1502 1873 op-

230 1898 421 1947 pugnet,
485 1890 653 1935 deinde
687 1905 794 1934 vero
827 1906 954 1944 eam,
1017 1904 1154 1948 quam
1189 1890 1276 1933 sibi
1311 1905 1369 1934 ex
1399 1892 1500 1947 ipsa

230 1978 379 2007 rerum
412 1967 720 2022 praesentium
749 1967 840 2010 acri
873 1965 1257 2024 pervestigatione
1286 1965 1504 2007 formavit

231 2040 531 2091 sententiam,
565 2043 792 2097 exprimat
822 2041 972 2084 verbis
1005 2047 1141 2097 atque
1171 2039 1220 2081 in
1254 2051 1392 2081 scena
1425 2050 1500 2079 ve—

230 2113 381 2156 ritatis
414 2123 728 2170 repraesentet
757 2116 982 2171 imagine,
1028 2127 1118 2171 qua
1150 2127 1202 2156 se
1232 2113 1321 2168 ipsi
1354 2112 1500 2154 intue-

231 2194 364 2228 antur
396 2195 678 2244 spectatores
696 2188 936 2246 shmdque,
956 2187 1120 2246 quibus
1137 2185 1361 2238 laborent,
1380 2199 1499 2227 mor-

233 2261 316 2305 bos
348 2268 396 2304 et
425 2262 596 2318 flagitia
626 2270 901 2318 agnoscant,
933 2263 1000 2304 ita
1031 2268 1210 2313 tamen,
1259 2267 1311 2302 ut
1342 2259 1502 2301 omnia

228 2341 357 2392 grata
387 2335 482 2377 sint
511 2349 719 2380 connexa
751 2343 797 2379 et
811 2333 1053 2394 splendida
1068 2334 1319 2379 festivitate
1353 2330 1493 2374 abuu-
