1706 2723
915 151 974 191 34

309 267 338 308 l.
371 267 402 308 i.
434 279 476 322 p.
512 269 568 310 59
599 278 689 322 sq.‚
730 266 806 321 qui
837 265 918 308 illa
948 265 1186 321 rogatione
1227 266 1428 309 maxime
1457 268 1574 309 istos

309 339 521 383 homines
545 338 782 382 existimet
805 337 862 381 ab
885 339 976 383 acri
999 339 1215 382 defensos
1236 338 1379 384 fuisse
1395 353 1576 391 comoe-

311 412 414 455 diae
447 413 772 468 castigatione,
820 413 897 469 qui
937 414 986 455 in
1029 426 1240 469 magnam
1273 419 1320 455 et
1350 413 1575 457 famosam

307 487 530 544 implicati
561 494 692 529 erant
723 486 780 529 de
805 487 988 530 Her-mis
1020 488 1244 531 mutilatis
1275 494 1323 530 et
1345 489 1576 542 mysteriis

309 560 563 617 profanatis
595 560 928 616 quaestionem.

428 633 516 675 His
536 633 797 676 constitutis
824 634 1000 675 nemini
1018 634 1104 675 erit
1120 632 1431 685 admirationi,
1454 631 1577 689 quod

293 713 523 763 ⁴quattuor
561 706 679 748 istae
721 706 923 758 fabulae,
971 705 1028 748 de
1067 705 1229 762 quibus
1272 704 1419 748 adhuc
1458 705 1576 748 facta

305 787 376 823 est
398 780 587 831 mentio,
621 780 688 822 ita
707 778 951 823 videantur
971 791 1074 822 esse
1106 785 1411 836 comparatae,
1444 785 1494 820 ut
1524 779 1572 819 in

305 853 399 896 illis
452 866 547 895 non
596 852 888 908 adtingantur
938 867 1010 897 res
1067 851 1280 909 publicae⁴
1328 864 1572 908 earumque

307 928 474 970 summi
506 926 833 981 gubernatores
878 934 924 969 et
954 927 1154 971 civitatis
1187 927 1439 985 principes,
1485 924 1577 968 nisi

305 1007 425 1043 tecto
475 998 673 1057 quodam
723 1007 771 1061 et
811 999 1005 1043 obscuro
1045 998 1215 1052 modo,
1274 1014 1332 1043 ne
1375 999 1576 1042 violasse

306 1071 570 1116 viderentur
614 1081 778 1131 poetae
818 1074 964 1129 legem
1004 1073 1132 1117 illam
1179 1074 1293 1131 ipsis
1332 1071 1575 1115 imminen-

307 1156 427 1198 tem,
476 1160 752 1203 quamquam
793 1161 889 1190 non
935 1146 1014 1190 diu
1057 1161 1158 1190 eam
1189 1148 1388 1191 valuisse
1420 1143 1578 1188 admo-

309 1219 417 1261 dum
450 1226 522 1262 est
553 1219 802 1276 probabile.
871 1218 1020 1272 Quum
1047 1221 1184 1276 igitur
1212 1233 1304 1263 una
1335 1219 1467 1276 quasi
1498 1231 1578 1260 ora

308 1292 487 1335 seclusa
502 1300 625 1336 esset
641 1293 811 1335 veteris
845 1293 1112 1337 comoediae
1138 1293 1415 1344 auctoribus,
1447 1291 1576 1333 dam-

305 1378 415 1408 num
447 1363 560 1407 illud
593 1372 643 1408 ut
673 1366 946 1409 resarcirent
975 1353 1163 1410 etsscite
1189 1365 1396 1423 lepideve
1424 1364 1578 1421 exple-

306 1444 411 1481 rent
454 1439 654 1482 inventis
704 1447 829 1482 ortas
871 1439 1082 1491 lacunas,
1138 1440 1241 1496 ipsa
1276 1452 1426 1482 rerum
1473 1450 1577 1480 con·

309 1510 659 1563 ditione,erant
702 1510 866 1555 adacti.
927 1512 1218 1557 Recedebant
1259 1512 1478 1569 paulatim
1519 1509 1576 1553 ab

309 1585 553 1627 austeriori
587 1585 666 1627 illa
696 1599 749 1628 ac
779 1587 998 1629 severiori
1028 1587 1225 1638 ratione,
1256 1599 1346 1642 qua
1368 1591 1505 1627 antea
1528 1585 1577 1626 iu

310 1672 447 1701 scena
477 1656 774 1702 traduxerant
805 1659 879 1702 vel
911 1660 1062 1717 potins
1092 1657 1400 1716 produxerant
1429 1657 1575 1701 homi-

309 1744 392 1773 nes
416 1729 579 1785 dignos
611 1733 839 1789 vituperio
861 1746 914 1775 ac
936 1733 1088 1789 pravis
1119 1732 1422 1774 inservientes
1454 1743 1578 1773 com-

310 1804 529 1860 munique
559 1805 765 1848 omnium
787 1805 925 1849 saluti
947 1806 1215 1863 perniciosis
1239 1802 1577 1863 cupiditatibus,

312 1874 526 1920 Cratinus
565 1879 615 1919 in
657 1878 816 1935 primis
868 1886 915 1921 et
955 1878 1286 1936 Aristophanes
1310 1877 1381 1933 ¹¹²),
1443 1884 1578 1934 atque

388 2019 424 2063 *)
463 2016 669 2055 Platonius
692 2017 784 2067 περὶ
802 2015 1003 2069 διαφορᾶς
1017 2017 1301 2068 χαρακτήρων
1319 2018 1439 2066 (apud
1453 2017 1580 2055 Mein.

463 2080 569 2118 Hist.
597 2080 696 2118 Crit.
723 2095 760 2130 p.
787 2084 898 2128 534„
927 2082 1130 2130 Κρατῖνος
1158 2082 1182 2117 o‘
1208 2083 1272 2132 τῆς
1296 2080 1474 2121 παλαιᾶς
1499 2093 1579 2116 κω-

461 2141 619 2193 μῳδίας
657 2146 821 2196 ποιητής
865 2144 1065 2196 αὐστηρός
1109 2144 1185 2188 μὲν
1224 2147 1307 2186 ταῖς
1352 2139 1580 2194 λοιδορίαις

462 2208 581 2245 ἐστίν·
610 2207 661 2245 οὐ
688 2209 768 2259 γάρ
806 2208 943 2258 ὥσπερ
978 2211 1004 2247 ό
1030 2206 1329 2259 Ἀριστοφάνης
1362 2205 1580 2257 ἐπιτρέχειν

461 2273 534 2323 τήν
569 2272 698 2323 χάριν
734 2275 815 2316 τοῖς
851 2272 1076 2318 σκώμμασι
1101 2271 1485 2314 ποιεῖ-ἄλλ’ἀπλῶς
1510 2271 1578 2309 καὶ

464 2337 567 2373 κατὰ
588 2337 659 2386 τήν
679 2337 909 2387 παροιμίαν
934 2339 1072 2388 γυμνῇ
1098 2339 1148 2387 τῇ
1171 2336 1332 2389 κεφαλῇ
1355 2335 1490 2386 τίθῃσι
1516 2336 1580 2376 τὰς

464 2398 728 2452 βλασφημίας
753 2402 858 2440 κατὰ
881 2403 965 2439 τῶν
991 2401 1330 2452 ἁμαρτανόντων.
1384 2399 1581 2449 Anonym.
