1706 2723
881 132 942 173 46

275 245 381 303 ipsa
410 258 559 290 rerum
590 246 772 289 ratione
803 259 1058 305 coarguere,
1091 250 1247 305 paucis
1279 258 1326 294 et
1353 253 1542 296 circum-

278 321 445 377 scripte
490 332 747 377 exponam,
791 334 992 378 quonam
1038 320 1179 366 modo
1230 333 1367 382 poeta
1411 326 1538 371 illam

277 395 421 438 animi
451 394 727 437 sententiam
758 395 909 439 forma
940 397 1154 450 induerit,
1189 405 1236 440 ut
1277 398 1401 442 laeta
1430 399 1540 442 inde

277 476 324 512 et
345 469 467 512 vitae
487 468 747 526 vigorisque
764 468 898 526 plena
915 471 1130 515 evaderet
1148 472 1314 527 imago.
1334 479 1340 482 “
1356 470 1533 525 Quodsi

273 555 384 586 vero
403 540 632 594 contendi,
666 541 950 587 debilitatem
973 545 1021 588 in
1048 546 1207 602 primis
1229 558 1282 589 ac
1300 546 1537 589 levitatem

273 615 359 659 hac
379 615 534 658 fabula
551 613 804 658 traductam
823 630 925 659 esse
942 617 1307 671 Atheniensium,
1330 619 1379 662 id
1400 633 1535 662 nemo

272 703 429 736 verum
463 702 565 732 esse
597 687 686 732 sibi
720 688 889 747 poterit
920 690 1217 747 persuadere,
1258 693 1368 749 quin
1400 702 1536 738 antea

274 765 464 808 omnino
494 776 651 805 eorum
684 763 954 818 suffragatus
984 764 1123 808 fuerit
1153 766 1424 818 sententiae,
1457 769 1534 824 qui

270 845 419 882 totam
444 827 730 894 comoediam
757 850 849 880 non
868 838 1147 893 singulorum
1167 840 1368 897 precaria
1398 854 1537 898 opera

269 914 496 963 innixam,
528 910 610 954 sed
634 925 659 952 e
680 912 837 967 populi
869 919 1033 954 natura
1064 920 1110 955 et
1141 915 1205 955 rei
1227 913 1433 970 publicae
1462 916 1531 957 in-

270 984 377 1028 dole
408 990 597 1027 censent
626 984 676 1026 in
706 983 852 1026 lucem
885 997 988 1027 esse
1019 985 1258 1043 prolatam.
1307 984 1534 1040 Quemad-

268 1058 459 1103 modum
490 1059 628 1114 igitur
659 1058 827 1114 populo
860 1059 1027 1115 scripta
1057 1067 1129 1102 est
1158 1059 1421 1109 comoedia,
1468 1064 1534 1104 sic
1594 1085 1596 1087 v

270 1146 448 1190 semper
462 1137 776 1187 argumentum
810 1130 995 1174 debebit
1016 1145 1118 1175 esse
1144 1132 1361 1190 populare
1382 1132 1530 1177 dicam

268 1218 328 1249 an
361 1204 506 1248 civile.
566 1205 670 1248 Jam
701 1218 809 1248 vero
841 1205 889 1246 in
920 1205 1096 1248 Avibus
1138 1204 1230 1250 duo
1274 1207 1394 1250 cives
1426 1221 1529 1264 pru-

269 1278 422 1321 dentis
453 1276 694 1321 facundiae
725 1277 965 1334 bonaeque
992 1280 1088 1336 spei
1115 1292 1284 1322 novum
1308 1286 1531 1336 quaerunt

265 1350 579 1405 domicilium,
624 1351 767 1396 altum
799 1349 913 1394 illud
943 1360 990 1394 et
1020 1353 1133 1396 satis
1175 1351 1349 1396 editum
1381 1366 1528 1411 neque

265 1440 347 1469 eos
369 1427 498 1481 fugit,
532 1425 591 1467 ad
617 1439 751 1482 quem
779 1438 828 1467 se
858 1424 1058 1468 debeant
1077 1426 1295 1478 conferre,
1329 1427 1526 1481 auguriis

264 1500 389 1542 enim
403 1505 593 1541 utuntur
604 1499 716 1542 satis
727 1498 942 1551 samosis3
959 1497 1126 1541 adsunt
1141 1497 1200 1541 ad
1213 1496 1399 1542 domum
1412 1500 1525 1552 eius,

262 1574 340 1631 qui
363 1574 454 1615 iam
473 1572 780 1629 praestolatur
800 1585 970 1614 novum
992 1569 1224 1628 quoddam
1241 1572 1410 1614 factum
1442 1585 1526 1614 nec

261 1659 537 1704 quamquam
560 1644 732 1688 dormit
746 1651 995 1697 cunctatur,
1027 1657 1117 1701 quo
1138 1645 1291 1687 minus
1312 1652 1523 1688 senatum

258 1719 479 1778 praebeat
519 1717 807 1761 adeuntibus.
878 1719 983 1774 lpse
1029 1716 1087 1759 de
1132 1717 1311 1760 consilii
1356 1718 1523 1760 virtute

257 1791 383 1835 haud
414 1791 580 1834 dubius
621 1799 843 1835 convocat
873 1789 1081 1844 sodales,
1122 1792 1199 1848 qui
1239 1789 1423 1848 quidem
1454 1791 1522 1834 in-

258 1866 379 1924 cepti
410 1865 726 1920 singularitate
756 1866 928 1921 pariter
952 1872 1088 1920 atque
1109 1871 1341 1907 auctorum
1364 1863 1521 1907 indole

254 1938 452 1997 perculsi
498 1935 836 1982 atrocissimum
877 1936 1089 1995 quodque
1131 1937 1393 1991 minantur,
1438 1936 1521 1982 sed

254 2013 452 2057 meliora
491 2010 644 2055 edocti
675 2010 840 2055 sedant
870 2012 1016 2054 animi
1045 2011 1272 2054 fervorem
1313 2018 1360 2054 et
1391 2011 1519 2054 brevi

253 2092 380 2145 post„
407 2099 523 2144 quae
554 2083 865 2130 abominanda
896 2092 1003 2129 sunt
1031 2085 1132 2129 visa
1158 2097 1212 2128 ac
1230 2083 1517 2137 foedissima,

254 2161 315 2206 ad
346 2160 522 2205 coelum
553 2173 697 2216 usque
729 2160 920 2202 efferunt
948 2158 1159 2202 laudibus
1193 2165 1240 2200 et
1270 2156 1358 2200 sibi
1392 2157 1516 2200 aliis-

255 2247 342 2292 que
373 2246 535 2278 aureos
567 2239 752 2277 montes
784 2232 1069 2290 pollicentur.
1134 2231 1237 2274 Jam
1270 2236 1415 2275 strata
1446 2235 1518 2273 est

250 2308 569 2366 patefactaque
593 2309 671 2353 via
701 2307 795 2351 illis
825 2303 1232 2359 homuncionibus;
1263 2306 1356 2348 iam
1387 2304 1514 2346 locus

252 2380 386 2425 datus
417 2380 567 2425 fallaci
600 2388 873 2439 argutaeque
917 2376 1158 2424 facundiae
1187 2392 1272 2422 nec
1301 2377 1392 2435 ipsi
1422 2375 1513 2420 sibi
