1706 2723
824 128 848 168 5

199 245 291 286 iam
323 251 446 286 recte
477 242 682 302 beneque
716 242 1077 301 perspiciendam
1112 241 1359 284 redderent
1389 257 1465 285 ex-

200 315 488 374 peditiorem.
559 319 744 360 Etenim
775 319 828 361 >si
872 318 1064 360 omnino
1114 325 1286 360 certum
1320 325 1392 358 est
1423 325 1468 357 et

196 391 503 447 exploratum,
537 390 661 448 quod
692 389 752 434 ad
783 404 921 434 unum
942 404 1100 434 omnes
1119 391 1319 434 confessi
1353 398 1460 433 sunt

197 465 407 506 homines
440 465 694 506 litterarum
737 465 857 507 cultu
902 465 1015 506 bene
1046 464 1238 516 eruditi,
1303 476 1466 505 uuum·

199 536 410 593 quodque
461 551 654 593 poeseos
696 551 836 593 genus
879 539 928 581 in
974 539 1075 594 ipsa
1118 538 1201 579 niti
1247 538 1464 592 cuiusque

195 610 348 665 populi
390 609 546 652 indole
588 624 640 653 ac
687 613 849 654 natura
886 625 970 654 nec
1012 624 1147 667 posse
1187 611 1338 664 vigere
1372 609 1461 650 nisi

194 683 241 725 in
277 690 398 726 certa
442 680 640 740 quadam
678 686 774 728 eius
815 693 1006 728 externa
1035 685 1275 726 internave
1308 680 1462 724 condi-

193 756 344 808 tione,
377 771 466 813 qua
498 756 677 799 sublata
708 758 849 799 etiam
882 758 1015 799 flores
1048 757 1172 798 iuius
1204 770 1257 799 ac
1289 756 1460 798 fructus

193 828 429 881 decidant,
464 837 697 886 tamquam
729 830 780 871 iu
810 831 931 884 agris
976 837 1152 871 mutata
1191 830 1278 872 soli
1327 828 1464 871 coeli-

198 915 287 954 que
318 903 500 944 ratione
530 903 650 944 illae·
685 915 889 959 quoqne,
952 902 1115 959 quibus
1160 909 1296 944 antea
1336 907 1467 942 erant

199 975 377 1027 ornati,
442 983 717 1029 evanescant
747 976 952 1034 'plautae
1002 984 1048 1020 et
1079 975 1369 1027 abolescant,
1414 972 1465 1016 id

194 1046 316 1090 haud
365 1046 501 1091 dubie
548 1051 749 1093 maxime
793 1048 972 1094 obtinet
1016 1052 1064 1092 in
1110 1051 1214 1092 istis
1256 1041 1460 1105 partibus

194 1135 413 1176 poeseos,
450 1122 614 1178 quibus
646 1124 906 1166 continetur
936 1121 1177 1165 comoedia
1208 1130 1256 1165 et
1290 1123 1461 1178 praeci·

191 1207 278 1249 pue
307 1195 356 1237 in
381 1195 567 1251 antiqua
585 1195 838 1238 Atticorum
863 1195 1125 1247 comoedia,
1158 1196 1326 1252 quippe
1343 1207 1460 1251 quae

194 1274 288 1309 tam
321 1267 564 1321 singularis
596 1269 657 1310 sit
688 1276 872 1325 tamque
891 1282 991 1311 cum
1013 1269 1180 1310 intima
1215 1268 1462 1311 Athenien-

192 1341 311 1383 sium
345 1341 441 1382 vita
472 1340 650 1396 publica
690 1348 738 1384 et
777 1343 955 1399 privata
989 1355 1197 1385 connexa
1228 1341 1459 1397 copulata-

189 1428 298 1472 que,
334 1419 385 1456 ut
415 1424 611 1471 nequeat
656 1429 747 1459 una
777 1414 835 1458 ab
868 1416 1012 1459 altera
1044 1416 1269 1471 segregari
1301 1421 1349 1457 et
1379 1427 1459 1471 po-

190 1488 278 1530 tius
309 1487 391 1529 ina
422 1487 555 1530 huius
588 1490 651 1531 sit
679 1490 925 1545 primariae
956 1490 1170 1544 imaginis
1206 1488 1362 1531 tabula
1394 1495 1458 1530 te-

191 1561 415 1604 nuissime
448 1574 684 1618 expressa3
718 1575 834 1618 quae
863 1561 1022 1605 eadem
1049 1576 1184 1605 causa
1216 1570 1301 1613 est,
1334 1561 1457 1617 quod

190 1634 422 1677 noualibi
456 1633 515 1676 ad
546 1648 650 1677 eum
684 1636 975 1692 perfectiouis
1003 1635 1192 1691 gradum
1224 1634 1457 1677 sublatum

194 1715 267 1751 est
296 1707 434 1751 hocce
467 1722 659 1765 poeseos
690 1723 831 1765 genus
855 1724 1002 1767 neque
1027 1722 1218 1766 usquam
1238 1723 1329 1752 uno
1348 1716 1461 1752 tem-

192 1795 299 1836 pore
332 1789 402 1823 tot
433 1789 479 1824 et
510 1784 624 1825 tanti
659 1785 705 1825 in
740 1783 901 1826 eadem
935 1792 1032 1825 arte
1073 1784 1238 1837 egregii
1275 1795 1459 1838 prorsus

185 1855 392 1911 interque
432 1869 483 1897 se
527 1856 696 1899 aemuli
739 1858 935 1900 extitere
968 1865 1189 1899 auctores.
1256 1853 1462 1897 Cernun·

192 1936 264 1968 tur
295 1927 481 1983 quidem
515 1936 610 1971 tum
633 1929 754 1987 apud
780 1933 1011 1973 Romanos
1043 1937 1137 1971 tum
1165 1930 1286 1971 inter
1317 1928 1464 1969 nostri

189 2001 290 2042 aevi
321 2010 478 2055 gentes
509 2002 809 2047 humanitatis
853 2003 1060 2047 doctrina
1092 2003 1296 2045 excultas
1329 2001 1461 2044 multi

186 2088 268 2116 nec
299 2075 332 2116 ii
364 2075 606 2132 spernendi
639 2076 873 2129 homines,
905 2078 983 2133 qui
1009 2077 1057 2119 in
1090 2075 1253 2118 eodem
1287 2088 1452 2130 genere

188 2149 436 2203 periculum
486 2150 689 2193 fecerunt
736 2149 1041 2208 componendi
1093 2150 1269 2193 fabula-s
1313 2175 1372 2181 —
1416 2162 1463 2195 at

195 2228 414 2278 quantum
447 2224 640 2266 interest
681 2223 787 2267 illos
830 2225 950 2268 inter
990 2233 1036 2266 et
1067 2221 1330 2266 comoedias
1367 2222 1465 2264 Ari-

195 2294 504 2352 stophaneas'!
537 2297 653 2340 Nam
686 2311 744 2340 ne
763 2297 910 2341 dicam
943 2297 999 2339 de
1026 2298 1253 2340 sermonis
1286 2310 1464 2339 summo

193 2367 437 2424 splendore
469 2367 984 2426 deque'seutentiarum
1015 2370 1349 2427 verborumque
1371 2382 1466 2412 ma-
