1706 2723
859 77 886 114 8

238 191 355 234 tium
403 198 450 234 et
489 189 745 234 litterarum
792 187 1120 240 domicilium,
1157 188 1266 233 hinc
1311 184 1507 232 altitudo

237 265 498 309 animorum
531 277 584 306 ae
614 261 825 306 sublimis
858 262 1211 318 magnificentia.
1241 261 1303 305 Et
1328 259 1508 304 medius

241 336 377 382 fidius
417 343 589 394 quanto
630 336 853 394 temporis
896 337 1047 394 spatio
1088 343 1198 380 sunt
1235 335 1393 378 omnia
1430 334 1511 376 illa

239 411 399 453 effecta
428 411 569 467 inque
598 410 746 454 lucem
778 408 1025 468 producta,
1056 422 1172 468 quae
1195 421 1391 465 magna,
1431 419 1510 450 ex·

236 483 383 538 celsa,
429 482 674 543 splendida
715 486 922 530 omnium
961 487 1144 530 animos
1184 482 1507 535 admiratione,

236 566 448 616 stupore,
488 559 664 603 lumine
706 559 1013 617 perfundunt?
1074 557 1189 611 Quis
1230 556 1408 610 eredat,
1450 554 1510 600 ad

232 639 416 677 tantum
439 631 713 683 eruditionis
740 641 787 676 et
811 633 1046 690 potentiae
1076 632 1309 687 fastigium
1342 638 1393 676 ut
1413 637 1511 674 tota

237 707 489 749 eniteretur
526 707 681 758 natio,
724 706 900 762 aliquot
938 706 1035 749 sere
1076 705 1311 749 suffecisse
1342 703 1509 747 ‹lenen-

235 777 350 821 nia'!
412 777 475 823 At
505 779 638 823 sicuti
670 778 931 837 pulcerrimi
962 779 1098 825 flores
1130 780 1207 837 qui
1240 779 1330 822 cito
1361 788 1511 820 erum-

237 859 355 908 punt
384 866 411 894 e
441 853 581 896 calice
612 852 819 896 celeriter
856 867 1038 911 quoque
1069 852 1310 898 tabescunt
1340 864 1511 908 marce-

239 933 487 982 scuntque,
527 927 594 969 ita
623 925 978 970 Atheniensium
1019 925 1278 985 respublica
1317 926 1367 968 in
1398 925 1512 982 ¹ipae

238 1000 484 1057 potestatis
515 998 855 1057 incremento*)
889 1007 937 1044 et
967 1001 1135 1047 summi
1168 1000 1295 1046 floris
1323 999 1511 1054 fastigio

238 1072 458 1128 perniciei
491 1073 560 1115 sui
592 1072 857 1117 includebat
877 1075 1073 1127 semina,
1105 1087 1221 1130 quae
1242 1073 1390 1130 primo
1414 1072 1512 1128 qui-

238 1143 344 1187 dem
375 1152 557 1189 retenta
588 1154 697 1189 sunt
738 1147 1050 1203 praepollente
1089 1146 1387 1203 plurimorum
1422 1145 1512 1186 vir-

238 1224 336 1260 tute
381 1231 433 1261 ac
464 1217 666 1262 cohibita
706 1219 874 1263 deinde
913 1234 994 1278 per
1022 1220 1159 1263 unius
1191 1219 1393 1263 maxime
1423 1218 1510 1261 viri

238 1291 515 1347 sapientiam
533 1291 625 1348 **),
659 1293 739 1336 sed
763 1306 819 1335 eo
841 1292 1056 1337 absumto
1078 1300 1226 1336 morte
1258 1292 1385 1337 fatali
1419 1292 1511 1334 late

311 1426 350 1472 ')
379 1425 440 1465 cf.
482 1426 762 1477 Montesquieu
803 1427 828 1468 Ι.
855 1426 909 1466 Χ.
946 1442 980 1467 c.
1007 1432 1054 1468 6:
1099 1429 1132 1465 si
1170 1440 1247 1466 nne
1273 1426 1509 1466 demoni-atie

385 1493 646 1540 conquiertun
660 1492 800 1542 peuple
811 1506 907 1542 pour
925 1492 964 1531 le
986 1504 1365 1543 gouvernereemme
1391 1492 1508 1540 sajet,

383 1554 462 1593 elle
500 1567 694 1606 exponen-a
729 1569 774 1595 sa
808 1569 947 1606 propre
984 1556 1144 1602 libert&
1195 1569 1310 1606 parce
1354 1556 1414 1604 qu'
1430 1553 1507 1592 elle

385 1619 558 1658 eonfiera
586 1633 663 1657 une
687 1627 772 1668 trop
787 1621 936 1671 grande
951 1623 1157 1670 puissanee
1175 1633 1256 1658 aux
1280 1621 1507 1670 magistrats

386 1682 529 1732 qu'elle
556 1696 720 1721 enverra
745 1684 843 1721 dans
876 1683 985 1722 l’etat
1019 1686 1195 1734 conquir,
1222 1693 1261 1722 et
1288 1697 1318 1721 e.
1345 1687 1380 1722 7.
1429 1681 1458 1720 il
1483 1696 1504 1732 y

386 1759 411 1785 a
436 1759 579 1785 encore
614 1760 666 1785 un
706 1748 982 1786 inconvenient
1024 1761 1104 1787 aux
1140 1752 1352 1797 conquetas
1389 1748 1506 1785 faites

382 1823 454 1859 par
477 1809 538 1847 les
565 1809 836 1849 democratiam
887 1812 996 1850 Lem·
1015 1819 1322 1862 gonvernement
1347 1819 1406 1847 est
1420 1818 1504 1847 tou-

350 1901 354 1904 »
377 1875 494 1924 jours
521 1874 716 1912 odieux
743 1887 822 1912 aux
851 1874 951 1913 etate
979 1876 1193 1925 asquet'tis.
1234 1875 1317 1913 Les
1344 1873 1504 1923 peuples

384 1939 545 1986 conquis
571 1950 596 1987 y
622 1945 711 1978 sont
738 1938 836 1976 dans
861 1952 913 1977 un
941 1939 1021 1978 etat
1048 1940 1180 1987 triste,
1226 1938 1278 1977 ils
1304 1950 1354 1976 ne
1376 1938 1503 1988 jonis-

383 2009 473 2038 sent
509 2001 548 2040 ni
584 2003 656 2040 des
691 2010 905 2054 avantages
942 2004 993 2042 de
1023 2002 1062 2042 la
1087 2002 1355 2054 republique,
1387 2004 1427 2040 ni
1455 2002 1503 2039 de

381 2077 483 2103 ceux
509 2065 558 2103 de
585 2065 624 2103 la
650 2068 893 2107 monarchia.
915 2096 919 2100 -

312 2127 378 2176 “)
405 2127 582 2177 Thucyd.
608 2128 663 2166 11.
690 2133 760 2168 65:
776 2131 920 2168 Αἴτιον
945 2128 979 2169 δ’
1005 2127 1056 2182 ἦν
1081 2132 1146 2169 ὅτι
1170 2131 1315 2172 ἐκεῖνος
1331 2128 1407 2175 μὲν
1432 2129 1499 2170 δυ-

377 2193 495 2235 νατός
520 2190 583 2230 ὥν
606 2193 668 2241 τῷ
691 2205 730 2229 τε
747 2191 958 2239 ἀξιώματι
981 2194 1054 2233 καὶ
1077 2197 1129 2246 τῇ
1147 2192 1307 2247 γνώμῃ,
1331 2194 1499 2245 χρημά-

374 2268 457 2292 των
469 2269 505 2293 τε
518 2247 728 2309 διαῲανῶς
740 2253 1003 2308 ἀδωρότατος
1027 2258 1254 2310 γενόμενος,
1270 2260 1430 2305 κατεῖχε
1450 2260 1498 2295 τό

373 2317 532 2370 πλῆθος
546 2319 766 2372 ἐλευθέρως
774 2319 844 2359 καὶ
856 2321 933 2361 οὐκ
962 2322 1080 2375 ἤγετο
1097 2323 1273 2368 μᾶλλον
1283 2322 1350 2362 ὑπ’
1365 2321 1498 2361 αὐτοῦ
