1706 2723
0 0 86 98 Γ
145 29 147 33 ,

747 173 805 213 47

341 258 345 277 Ι

136 291 301 334 desunt
320 301 405 334 nec
420 296 603 332 cessant
627 289 777 332 ceteri.
826 287 917 333 Sed
939 288 1138 332 disertus
1158 287 1239 331 ille
1253 290 1398 344 magis

133 364 370 420 magisque
399 363 570 406 eminet
599 368 655 406 et
675 363 846 418 relegat
875 364 1049 407 socium
1071 364 1275 421 optimae
1301 364 1402 421 spei

133 439 316 496 plenum
338 435 397 478 ad
415 435 596 479 turbam
611 437 659 479 in
671 450 808 480 suum
833 436 1026 480 fructum
1048 451 1310 495 operosam;
1350 438 1401 480 in

133 524 223 568 qua
252 525 301 553 re
333 523 545 566 magnum
573 511 774 568 profecto
795 512 918 555 inest
931 520 1228 554 momentum.
1290 511 1398 554 Mit-

134 585 246 628 titur
274 585 322 627 in
354 597 534 627 cassum
565 583 687 628 bona
718 598 839 641 spes,
870 585 980 642 quin
1026 598 1140 642 quae
1187 592 1396 642 cxpecta-

133 666 262 702 verat
293 665 501 702 assecuta
531 659 594 702 sit
617 673 670 703 ac
690 657 840 702 denuo
861 658 1123 702 reconditur
1143 660 1193 701 in
1214 666 1395 716 pectore

131 733 400 786 homiuum,
454 734 531 791 qui
573 734 674 778 sola
715 734 795 777 illa
838 734 1161 777 sustineantur.
1225 733 1394 776 Omnes

133 807 336 850 maximo
370 819 506 865 opere
536 809 743 850 nituntur
786 804 871 850 nec
911 813 1099 864 parcunt
1145 805 1395 859 laboribus,

133 879 297 937 quibus
329 894 544 936 magnum
576 879 764 938 aliquod
795 894 844 923 se
877 893 980 923 esse
1011 879 1256 936 adepturos
1288 894 1395 923 con-

130 952 290 1005 fidunt,
322 967 460 1010 quum
491 967 541 995 re
570 967 679 999 vera
709 966 829 996 vana
861 960 1045 1010 captent
1084 966 1275 1010 seseque
1305 953 1396 1009 ipsi

132 1018 412 1084 decipientes
445 1040 539 1070 non
568 1027 659 1071 uisi
688 1027 769 1070 uni
799 1028 982 1084 pariant
1005 1026 1239 1071 fructuosa
1268 1040 1395 1070 emo-

130 1101 351 1152 lumenta,
383 1107 434 1143 ut
462 1100 536 1144 hic
564 1102 664 1158 ipse
696 1100 861 1144 debeat
876 1102 1033 1143 mirari
1053 1102 1395 1157 inexpectatum

131 1175 397 1217 tentaminis
414 1182 641 1218 eventum.
676 1173 909 1232 Quidquid
920 1172 1089 1227 obstat,
1107 1173 1393 1228 exturbatur3

131 1245 351 1303 quidquid
366 1249 580 1303 poscitur,
614 1247 768 1300 adest3
801 1249 1011 1291 saeviunt
1025 1247 1177 1290 furore
1193 1246 1393 1303 quodam

130 1321 180 1363 in
214 1333 296 1363 sua
324 1321 559 1374 intestina,
590 1328 641 1364 ut
670 1321 749 1364 ille
780 1320 889 1363 boni
917 1320 1099 1363 consilii
1120 1328 1277 1363 auctor
1291 1333 1393 1377 par-

133 1395 274 1450 ticeps
306 1395 387 1437 fiat
417 1392 597 1437 debitae
631 1394 881 1450 dignitatis.
924 1394 1012 1438 Hic
1028 1408 1136 1437 vero
1160 1402 1393 1452 susceptas

132 1473 282 1524 partes
322 1468 498 1521 egregie
537 1468 756 1520 sustinet,
798 1475 868 1510 est
904 1466 1189 1510 admirabilis
1226 1467 1387 1522 homo;

130 1552 236 1583 nam
253 1553 390 1596 quum
406 1539 558 1583 verbis
573 1540 766 1598 fimoque
788 1547 978 1583 externo
995 1539 1215 1583 recondat
1234 1555 1393 1585 verum

130 1615 327 1670 pectoris
361 1613 627 1666 consilium,
660 1614 801 1656 tutius
832 1619 985 1670 potest
1015 1620 1061 1655 et
1091 1615 1256 1657 certius
1287 1628 1392 1671 pro-

130 1685 256 1741 gredi
286 1687 464 1743 ipsique
496 1687 578 1739 illi,
610 1687 686 1743 qui
714 1698 945 1742 nunquam
962 1685 1082 1729 flecti
1107 1699 1243 1742 posse
1263 1687 1390 1731 vide-

131 1758 319 1811 bantur,
365 1758 551 1802 tandem
591 1759 832 1803 inferiores
875 1756 1098 1801 decedunt
1129 1761 1389 1803 certamine.

131 1832 207 1874 Sic
238 1831 437 1884 efficitur,
469 1841 521 1876 ut
550 1835 638 1876 iste
668 1833 765 1876 voti
798 1831 1041 1876 damnatus
1073 1846 1156 1876 nec
1185 1833 1279 1876 ulla
1310 1847 1391 1891 spe

130 1907 537 1964 expectationeque
559 1907 708 1950 ¹falsus
740 1904 980 1964 splendeat
1008 1906 1132 1961 largo
1164 1906 1388 1950 honorum

130 1977 302 2023 lumine
333 1987 380 2024 et
408 1981 554 2035 gratia
584 1980 842 2038 aequalium
873 1978 1136 2024 cumuletur.
